<?xml version="1.0" encoding="UTF-8"?>
<!DOCTYPE html PUBLIC "-//W3C//DTD XHTML 1.0 Transitional//EN"
    "http://www.w3.org/TR/xhtml1/DTD/xhtml1-transitional.dtd">
<html xmlns="http://www.w3.org/1999/xhtml" xml:lang="en" lang="en">
 <head>
  <title>
</title>
<meta http-equiv="Content-Type" content="text/html;charset=utf-8" />
  <meta name='ocr-system' content='tesseract 3.04.00' />
  <meta name='ocr-capabilities' content='ocr_page ocr_carea ocr_par ocr_line ocrx_word'/>
</head>
<body>
  <div class='ocr_page' id='page_1' title='image "4769629_0025.png"; bbox 0 0 2865 3772; ppageno 0'>
   <div class='ocr_carea' id='block_1_1' title="bbox 1408 197 1455 239">
    <p class='ocr_par' dir='ltr' id='par_1_1' title="bbox 1408 197 1455 239">
     <span class='ocr_line' id='line_1_1' title="bbox 1408 197 1455 239; baseline -0.021 0"><span class='ocrx_word' id='word_1_1' title='bbox 1408 197 1455 239; x_wconf 83' lang='lat'>17</span> 
     </span>
    </p>
   </div>
   <div class='ocr_carea' id='block_1_2' title="bbox 232 327 2627 3458">
    <p class='ocr_par' dir='ltr' id='par_1_2' title="bbox 232 327 2627 2311">
     <span class='ocr_line' id='line_1_2' title="bbox 238 327 2620 387; baseline 0 -15"><span class='ocrx_word' id='word_1_2' title='bbox 238 330 488 372; x_wconf 83' lang='lat' dir='ltr'>indicativus</span> <span class='ocrx_word' id='word_1_3' title='bbox 517 328 688 369; x_wconf 92' lang='lat' dir='ltr'>omnino</span> <span class='ocrx_word' id='word_1_4' title='bbox 717 334 953 384; x_wconf 78' lang='lat' dir='ltr'><strong>respuatur.</strong></span> <span class='ocrx_word' id='word_1_5' title='bbox 996 327 1186 370; x_wconf 90' lang='lat' dir='ltr'>Plurima</span> <span class='ocrx_word' id='word_1_6' title='bbox 1212 343 1329 382; x_wconf 83' lang='lat' dir='ltr'>vero,</span> <span class='ocrx_word' id='word_1_7' title='bbox 1359 344 1470 385; x_wconf 90' lang='lat' dir='ltr'>quae</span> <span class='ocrx_word' id='word_1_8' title='bbox 1499 329 1582 371; x_wconf 88' lang='lat' dir='ltr'>huc</span> <span class='ocrx_word' id='word_1_9' title='bbox 1609 330 1843 382; x_wconf 87' lang='lat' dir='ltr'>trahuntur,</span> <span class='ocrx_word' id='word_1_10' title='bbox 1873 329 1955 370; x_wconf 88' lang='lat' dir='ltr'>alio</span> <span class='ocrx_word' id='word_1_11' title='bbox 1976 328 2201 386; x_wconf 80' lang='lat' dir='ltr'><strong>pertinent,</strong></span> <span class='ocrx_word' id='word_1_12' title='bbox 2231 329 2257 372; x_wconf 93' lang='lat' dir='ltr'>i.</span> <span class='ocrx_word' id='word_1_13' title='bbox 2279 344 2315 372; x_wconf 91' lang='lat' dir='ltr'>e.</span> <span class='ocrx_word' id='word_1_14' title='bbox 2335 329 2378 372; x_wconf 90' lang='lat' dir='ltr'>in</span> <span class='ocrx_word' id='word_1_15' title='bbox 2402 331 2620 387; x_wconf 79' lang='lat' dir='ltr'>regionem</span> 
     </span>
     <span class='ocr_line' id='line_1_3' title="bbox 239 398 2621 460; baseline 0 -16"><span class='ocrx_word' id='word_1_16' title='bbox 239 417 368 458; x_wconf 91' lang='lat' dir='ltr'>quum</span> <span class='ocrx_word' id='word_1_17' title='bbox 396 399 654 457; x_wconf 86' lang='lat' dir='ltr'>temporalis.</span> <span class='ocrx_word' id='word_1_18' title='bbox 711 398 929 442; x_wconf 80' lang='lat' dir='ltr'><strong>Facillime</strong></span> <span class='ocrx_word' id='word_1_19' title='bbox 957 398 1002 442; x_wconf 92' lang='lat' dir='ltr'>id</span> <span class='ocrx_word' id='word_1_20' title='bbox 1029 399 1287 457; x_wconf 81' lang='lat' dir='ltr'>intelligitur,</span> <span class='ocrx_word' id='word_1_21' title='bbox 1316 400 1351 443; x_wconf 92' lang='lat' dir='ltr'>si</span> <span class='ocrx_word' id='word_1_22' title='bbox 1378 401 1473 444; x_wconf 88' lang='lat' dir='ltr'>loco</span> <span class='ocrx_word' id='word_1_23' title='bbox 1502 400 1806 457; x_wconf 90' lang='lat' dir='ltr'>conjunctionis</span> <span class='ocrx_word' id='word_1_24' title='bbox 1837 416 1967 458; x_wconf 92' lang='lat' dir='ltr'>quum</span> <span class='ocrx_word' id='word_1_25' title='bbox 1996 399 2194 459; x_wconf 89' lang='lat' dir='ltr'>ponimus</span> <span class='ocrx_word' id='word_1_26' title='bbox 2222 406 2476 459; x_wconf 79' lang='lat' dir='ltr'>postquam,</span> <span class='ocrx_word' id='word_1_27' title='bbox 2507 401 2621 460; x_wconf 92' lang='lat' dir='ltr'>quod</span> 
     </span>
     <span class='ocr_line' id='line_1_4' title="bbox 238 470 2618 530; baseline 0 -15"><span class='ocrx_word' id='word_1_28' title='bbox 238 473 341 515; x_wconf 91' lang='lat' dir='ltr'>alias</span> <span class='ocrx_word' id='word_1_29' title='bbox 384 486 554 527; x_wconf 90' lang='lat' dir='ltr'>quoque</span> <span class='ocrx_word' id='word_1_30' title='bbox 596 470 843 527; x_wconf 79' lang='lat' dir='ltr'>saepissime</span> <span class='ocrx_word' id='word_1_31' title='bbox 885 470 976 512; x_wconf 86' lang='lat' dir='ltr'>fieri</span> <span class='ocrx_word' id='word_1_32' title='bbox 1017 477 1181 528; x_wconf 91' lang='lat' dir='ltr'>potest,</span> <span class='ocrx_word' id='word_1_33' title='bbox 1224 486 1387 529; x_wconf 90' lang='lat' dir='ltr'>nosque</span> <span class='ocrx_word' id='word_1_34' title='bbox 1430 472 1606 514; x_wconf 82' lang='lat' dir='ltr'>dicimus</span> <span class='ocrx_word' id='word_1_35' title='bbox 1646 472 1866 514; x_wconf 90' lang='lat' dir='ltr'>nachdem.</span> <span class='ocrx_word' id='word_1_36' title='bbox 1942 472 2202 529; x_wconf 88' lang='lat' dir='ltr'>Hujusmodi</span> <span class='ocrx_word' id='word_1_37' title='bbox 2247 473 2444 530; x_wconf 83' lang='lat' dir='ltr'>exempla</span> <span class='ocrx_word' id='word_1_38' title='bbox 2486 482 2580 516; x_wconf 87' lang='lat' dir='ltr'>sunt</span> <span class='ocrx_word' id='word_1_39' title='bbox 2610 491 2618 516; x_wconf 92' lang='lat'><strong>:</strong></span> 
     </span>
     <span class='ocr_line' id='line_1_5' title="bbox 237 540 2619 601; baseline 0 -16"><span class='ocrx_word' id='word_1_40' title='bbox 237 542 375 585; x_wconf 89' lang='lat' dir='ltr'>Plaut.</span> <span class='ocrx_word' id='word_1_41' title='bbox 406 540 530 597; x_wconf 89' lang='lat' dir='ltr'>Capt.</span> <span class='ocrx_word' id='word_1_42' title='bbox 560 542 599 594; x_wconf 93' lang='lat'>5,</span> <span class='ocrx_word' id='word_1_43' title='bbox 633 544 668 594; x_wconf 90' lang='lat'>1,</span> <span class='ocrx_word' id='word_1_44' title='bbox 700 543 721 583; x_wconf 96' lang='grc'>1</span> <span class='ocrx_word' id='word_1_45' title='bbox 752 540 854 584; x_wconf 83' lang='lat' dir='ltr'>Jovi</span> <span class='ocrx_word' id='word_1_46' title='bbox 884 540 1035 598; x_wconf 90' lang='lat' dir='ltr'>disque</span> <span class='ocrx_word' id='word_1_47' title='bbox 1064 556 1147 599; x_wconf 88' lang='lat' dir='ltr'>ago</span> <span class='ocrx_word' id='word_1_48' title='bbox 1176 541 1335 598; x_wconf 78' lang='lat' dir='ltr'>gratias</span> <span class='ocrx_word' id='word_1_49' title='bbox 1363 543 1513 585; x_wconf 90' lang='lat' dir='ltr'>merito</span> <span class='ocrx_word' id='word_1_50' title='bbox 1539 556 1744 599; x_wconf 87' lang='lat' dir='ltr'>magnas,</span> <span class='ocrx_word' id='word_1_51' title='bbox 1789 557 1915 599; x_wconf 88' lang='lat' dir='ltr'>quom</span> <span class='ocrx_word' id='word_1_52' title='bbox 1955 551 1997 585; x_wconf 92' lang='lat' dir='ltr'>te</span> <span class='ocrx_word' id='word_1_53' title='bbox 2035 543 2238 585; x_wconf 86' lang='lat' dir='ltr'>reducem</span> <span class='ocrx_word' id='word_1_54' title='bbox 2274 550 2348 585; x_wconf 87' lang='lat' dir='ltr'>tuo</span> <span class='ocrx_word' id='word_1_55' title='bbox 2385 544 2494 601; x_wconf 89' lang='lat' dir='ltr'>patri</span> <span class='ocrx_word' id='word_1_56' title='bbox 2528 545 2619 586; x_wconf 86' lang='lat' dir='ltr'>red·</span> 
     </span>
     <span class='ocr_line' id='line_1_6' title="bbox 239 612 2621 671; baseline 0 -15"><span class='ocrx_word' id='word_1_57' title='bbox 239 614 458 667; x_wconf 88' lang='lat' dir='ltr'>diderunt,</span> <span class='ocrx_word' id='word_1_58' title='bbox 503 627 715 670; x_wconf 90' lang='lat' dir='ltr'>quomque</span> <span class='ocrx_word' id='word_1_59' title='bbox 760 627 815 655; x_wconf 87' lang='lat' dir='ltr'>ex</span> <span class='ocrx_word' id='word_1_60' title='bbox 852 612 1017 655; x_wconf 89' lang='lat' dir='ltr'>miseris</span> <span class='ocrx_word' id='word_1_61' title='bbox 1057 612 1249 670; x_wconf 88' lang='lat' dir='ltr'>plurimis</span> <span class='ocrx_word' id='word_1_62' title='bbox 1289 628 1357 656; x_wconf 89' lang='lat' dir='ltr'>me</span> <span class='ocrx_word' id='word_1_63' title='bbox 1400 620 1671 668; x_wconf 85' lang='lat' dir='ltr'>exemerunt,</span> <span class='ocrx_word' id='word_1_64' title='bbox 1716 628 1825 671; x_wconf 91' lang='lat' dir='ltr'>quae</span> <span class='ocrx_word' id='word_1_65' title='bbox 1863 615 1999 656; x_wconf 88' lang='lat' dir='ltr'>adhuc</span> <span class='ocrx_word' id='word_1_66' title='bbox 2037 622 2078 656; x_wconf 90' lang='lat' dir='ltr'>te</span> <span class='ocrx_word' id='word_1_67' title='bbox 2117 630 2288 669; x_wconf 89' lang='lat' dir='ltr'>carens,</span> <span class='ocrx_word' id='word_1_68' title='bbox 2327 614 2428 656; x_wconf 92' lang='lat' dir='ltr'>dum</span> <span class='ocrx_word' id='word_1_69' title='bbox 2457 615 2524 656; x_wconf 90' lang='lat' dir='ltr'>hic</span> <span class='ocrx_word' id='word_1_70' title='bbox 2550 615 2621 667; x_wconf 83' lang='lat' dir='ltr'>fui,</span> 
     </span>
     <span class='ocr_line' id='line_1_7' title="bbox 239 683 2624 744; baseline 0 -17"><span class='ocrx_word' id='word_1_71' title='bbox 239 684 539 738; x_wconf 87' lang='lat' dir='ltr'>sustentabam,</span> <span class='ocrx_word' id='word_1_72' title='bbox 571 698 785 741; x_wconf 91' lang='lat' dir='ltr'>quomque</span> <span class='ocrx_word' id='word_1_73' title='bbox 814 684 928 725; x_wconf 92' lang='lat' dir='ltr'>hunc</span> <span class='ocrx_word' id='word_1_74' title='bbox 956 683 1170 741; x_wconf 85' lang='lat' dir='ltr'>conspicio</span> <span class='ocrx_word' id='word_1_75' title='bbox 1198 684 1242 726; x_wconf 92' lang='lat' dir='ltr'>in</span> <span class='ocrx_word' id='word_1_76' title='bbox 1270 691 1481 742; x_wconf 84' lang='lat' dir='ltr'>potestate</span> <span class='ocrx_word' id='word_1_77' title='bbox 1510 692 1676 739; x_wconf 89' lang='lat' dir='ltr'>nostra,</span> <span class='ocrx_word' id='word_1_78' title='bbox 1721 700 1934 742; x_wconf 90' lang='lat' dir='ltr'>quomque</span> <span class='ocrx_word' id='word_1_79' title='bbox 1969 688 2075 728; x_wconf 90' lang='lat' dir='ltr'>haec</span> <span class='ocrx_word' id='word_1_80' title='bbox 2112 694 2324 744; x_wconf 84' lang='lat' dir='ltr'>repertast</span> <span class='ocrx_word' id='word_1_81' title='bbox 2358 686 2466 728; x_wconf 87' lang='lat' dir='ltr'>fides</span> <span class='ocrx_word' id='word_1_82' title='bbox 2503 686 2624 728; x_wconf 85' lang='lat' dir='ltr'>firma</span> 
     </span>
     <span class='ocr_line' id='line_1_8' title="bbox 236 754 2623 815; baseline -0 -16"><span class='ocrx_word' id='word_1_83' title='bbox 236 756 371 799; x_wconf 91' lang='lat' dir='ltr'>nobis.</span> <span class='ocrx_word' id='word_1_84' title='bbox 431 754 519 799; x_wconf 87' lang='lat' dir='ltr'>Cic.</span> <span class='ocrx_word' id='word_1_85' title='bbox 550 755 604 798; x_wconf 90' lang='lat' dir='ltr'>ad</span> <span class='ocrx_word' id='word_1_86' title='bbox 632 754 753 798; x_wconf 88' lang='lat' dir='ltr'>Fam.</span> <span class='ocrx_word' id='word_1_87' title='bbox 777 756 840 810; x_wconf 86' lang='lat'>13,</span> <span class='ocrx_word' id='word_1_88' title='bbox 870 756 925 797; x_wconf 91' lang='grc'>24</span> <span class='ocrx_word' id='word_1_89' title='bbox 953 758 979 809; x_wconf 66' lang='grc' dir='ltr'>ξ</span> <span class='ocrx_word' id='word_1_90' title='bbox 1007 756 1034 796; x_wconf 98' lang='grc'>2</span> <span class='ocrx_word' id='word_1_91' title='bbox 1063 754 1161 798; x_wconf 90' lang='lat' dir='ltr'>Tibi</span> <span class='ocrx_word' id='word_1_92' title='bbox 1189 756 1396 799; x_wconf 87' lang='lat' dir='ltr'>maximas</span> <span class='ocrx_word' id='word_1_93' title='bbox 1423 757 1584 814; x_wconf 87' lang='lat' dir='ltr'>gratias</span> <span class='ocrx_word' id='word_1_94' title='bbox 1616 771 1712 814; x_wconf 89' lang='lat' dir='ltr'>ago,</span> <span class='ocrx_word' id='word_1_95' title='bbox 1743 771 1873 813; x_wconf 90' lang='lat' dir='ltr'>quum</span> <span class='ocrx_word' id='word_1_96' title='bbox 1892 764 2052 798; x_wconf 87' lang='lat' dir='ltr'>tantum</span> <span class='ocrx_word' id='word_1_97' title='bbox 2072 758 2218 800; x_wconf 89' lang='lat' dir='ltr'>literae</span> <span class='ocrx_word' id='word_1_98' title='bbox 2238 772 2361 800; x_wconf 88' lang='lat' dir='ltr'>meae</span> <span class='ocrx_word' id='word_1_99' title='bbox 2382 764 2623 815; x_wconf 90' lang='lat' dir='ltr'>potuerunt.</span> 
     </span>
     <span class='ocr_line' id='line_1_9' title="bbox 238 826 2623 886; baseline -0 -15"><span class='ocrx_word' id='word_1_100' title='bbox 238 827 345 871; x_wconf 89' lang='lat' dir='ltr'>Ibid.</span> <span class='ocrx_word' id='word_1_101' title='bbox 375 828 414 882; x_wconf 83' lang='grc'>9,</span> <span class='ocrx_word' id='word_1_102' title='bbox 448 829 498 871; x_wconf 90' lang='grc'>14</span> <span class='ocrx_word' id='word_1_103' title='bbox 527 830 553 882; x_wconf 67' lang='grc' dir='ltr'>ξ</span> <span class='ocrx_word' id='word_1_104' title='bbox 583 827 610 869; x_wconf 91' lang='grc'><strong>3</strong></span> <span class='ocrx_word' id='word_1_105' title='bbox 639 826 844 870; x_wconf 88' lang='lat' dir='ltr'>Gratulor</span> <span class='ocrx_word' id='word_1_106' title='bbox 872 827 966 881; x_wconf 91' lang='lat' dir='ltr'>tibi,</span> <span class='ocrx_word' id='word_1_107' title='bbox 1010 841 1138 884; x_wconf 92' lang='lat' dir='ltr'>quum</span> <span class='ocrx_word' id='word_1_108' title='bbox 1167 834 1331 869; x_wconf 91' lang='lat' dir='ltr'>tantum</span> <span class='ocrx_word' id='word_1_109' title='bbox 1359 829 1477 870; x_wconf 84' lang='lat' dir='ltr'>vales</span> <span class='ocrx_word' id='word_1_110' title='bbox 1509 828 1624 886; x_wconf 91' lang='lat' dir='ltr'>apud</span> <span class='ocrx_word' id='word_1_111' title='bbox 1653 828 1935 870; x_wconf 85' lang='lat' dir='ltr'>Dolabellam.</span> <span class='ocrx_word' id='word_1_112' title='bbox 2007 829 2071 870; x_wconf 94' lang='lat' dir='ltr'>Id.</span> <span class='ocrx_word' id='word_1_113' title='bbox 2098 845 2175 886; x_wconf 86' lang='lat' dir='ltr'>pro</span> <span class='ocrx_word' id='word_1_114' title='bbox 2201 829 2290 870; x_wconf 88' lang='lat' dir='ltr'>Mil.</span> <span class='ocrx_word' id='word_1_115' title='bbox 2320 830 2375 871; x_wconf 88' lang='lat'>36</span> <span class='ocrx_word' id='word_1_116' title='bbox 2404 831 2431 883; x_wconf 69' lang='grc' dir='ltr'>ξ</span> <span class='ocrx_word' id='word_1_117' title='bbox 2461 829 2516 870; x_wconf 86' lang='grc'>99</span> <span class='ocrx_word' id='word_1_118' title='bbox 2558 827 2623 871; x_wconf 89' lang='lat' dir='ltr'>Te</span> 
     </span>
     <span class='ocr_line' id='line_1_10' title="bbox 238 899 2624 958; baseline 0 -16"><span class='ocrx_word' id='word_1_119' title='bbox 238 900 422 958; x_wconf 89' lang='lat' dir='ltr'>quidem,</span> <span class='ocrx_word' id='word_1_120' title='bbox 453 915 583 957; x_wconf 93' lang='lat' dir='ltr'>quum</span> <span class='ocrx_word' id='word_1_121' title='bbox 611 900 692 941; x_wconf 90' lang='lat' dir='ltr'>isto</span> <span class='ocrx_word' id='word_1_122' title='bbox 723 900 863 941; x_wconf 90' lang='lat' dir='ltr'>animo</span> <span class='ocrx_word' id='word_1_123' title='bbox 894 914 953 952; x_wconf 93' lang='lat' dir='ltr'>es,</span> <span class='ocrx_word' id='word_1_124' title='bbox 985 900 1085 940; x_wconf 91' lang='lat' dir='ltr'>satis</span> <span class='ocrx_word' id='word_1_125' title='bbox 1115 899 1290 941; x_wconf 91' lang='lat' dir='ltr'>laudare</span> <span class='ocrx_word' id='word_1_126' title='bbox 1319 915 1405 941; x_wconf 92' lang='lat' dir='ltr'>non</span> <span class='ocrx_word' id='word_1_127' title='bbox 1433 916 1620 958; x_wconf 91' lang='lat' dir='ltr'>possum.</span> <span class='ocrx_word' id='word_1_128' title='bbox 1678 900 1742 942; x_wconf 88' lang='lat' dir='ltr'>Id.</span> <span class='ocrx_word' id='word_1_129' title='bbox 1772 900 1827 943; x_wconf 88' lang='lat' dir='ltr'>ad</span> <span class='ocrx_word' id='word_1_130' title='bbox 1856 900 1977 942; x_wconf 88' lang='lat' dir='ltr'>Fam.</span> <span class='ocrx_word' id='word_1_131' title='bbox 2007 903 2068 954; x_wconf 96' lang='grc'>11,</span> <span class='ocrx_word' id='word_1_132' title='bbox 2099 902 2125 943; x_wconf 92' lang='grc'>2</span> <span class='ocrx_word' id='word_1_133' title='bbox 2154 904 2180 955; x_wconf 67' lang='grc' dir='ltr'><strong>ξ</strong></span> <span class='ocrx_word' id='word_1_134' title='bbox 2213 904 2233 943; x_wconf 97' lang='grc'>1</span> <span class='ocrx_word' id='word_1_135' title='bbox 2264 901 2388 943; x_wconf 86' lang='lat' dir='ltr'>Haec</span> <span class='ocrx_word' id='word_1_136' title='bbox 2416 899 2624 958; x_wconf 88' lang='lat' dir='ltr'>profecto,</span> 
     </span>
     <span class='ocr_line' id='line_1_11' title="bbox 237 971 2625 1030; baseline 0 -16"><span class='ocrx_word' id='word_1_137' title='bbox 237 987 366 1030; x_wconf 92' lang='lat' dir='ltr'>quum</span> <span class='ocrx_word' id='word_1_138' title='bbox 410 971 560 1028; x_wconf 87' lang='lat' dir='ltr'>(Orell.</span> <span class='ocrx_word' id='word_1_139' title='bbox 591 971 810 1028; x_wconf 86' lang='lat' dir='ltr'>quoniam)</span> <span class='ocrx_word' id='word_1_140' title='bbox 849 971 975 1012; x_wconf 91' lang='lat' dir='ltr'>istum</span> <span class='ocrx_word' id='word_1_141' title='bbox 1014 972 1199 1013; x_wconf 84' lang='lat' dir='ltr'>anirnum</span> <span class='ocrx_word' id='word_1_142' title='bbox 1239 971 1395 1026; x_wconf 89' lang='lat' dir='ltr'>habes,</span> <span class='ocrx_word' id='word_1_143' title='bbox 1437 971 1480 1013; x_wconf 90' lang='lat' dir='ltr'>in</span> <span class='ocrx_word' id='word_1_144' title='bbox 1521 971 1723 1029; x_wconf 87' lang='lat' dir='ltr'>optimam</span> <span class='ocrx_word' id='word_1_145' title='bbox 1761 978 1926 1028; x_wconf 89' lang='lat' dir='ltr'>partem</span> <span class='ocrx_word' id='word_1_146' title='bbox 1966 972 2158 1028; x_wconf 88' lang='lat' dir='ltr'>accipies.</span> <span class='ocrx_word' id='word_1_147' title='bbox 2216 973 2324 1014; x_wconf 87' lang='lat' dir='ltr'>Ibid.</span> <span class='ocrx_word' id='word_1_148' title='bbox 2358 974 2420 1026; x_wconf 89' lang='lat'>15,</span> <span class='ocrx_word' id='word_1_149' title='bbox 2456 974 2506 1014; x_wconf 88' lang='lat'>14</span> <span class='ocrx_word' id='word_1_150' title='bbox 2541 975 2568 1026; x_wconf 66' lang='grc' dir='ltr'>ξ</span> <span class='ocrx_word' id='word_1_151' title='bbox 2598 972 2625 1014; x_wconf 89' lang='grc'><strong>3</strong></span> 
     </span>
     <span class='ocr_line' id='line_1_12' title="bbox 236 1034 2622 1101; baseline 0.001 -17"><span class='ocrx_word' id='word_1_152' title='bbox 236 1043 288 1084; x_wconf 91' lang='lat' dir='ltr'>ld</span> <span class='ocrx_word' id='word_1_153' title='bbox 318 1058 448 1099; x_wconf 91' lang='lat' dir='ltr'>quum</span> <span class='ocrx_word' id='word_1_154' title='bbox 488 1042 641 1096; x_wconf 88' lang='lat' dir='ltr'>(Orell.</span> <span class='ocrx_word' id='word_1_155' title='bbox 673 1043 892 1097; x_wconf 89' lang='lat' dir='ltr'>quoniam)</span> <span class='ocrx_word' id='word_1_156' title='bbox 931 1056 1017 1083; x_wconf 91' lang='lat' dir='ltr'>non</span> <span class='ocrx_word' id='word_1_157' title='bbox 1056 1042 1227 1095; x_wconf 91' lang='lat' dir='ltr'>accidit,</span> <span class='ocrx_word' id='word_1_158' title='bbox 1270 1050 1437 1084; x_wconf 88' lang='lat' dir='ltr'>utemur</span> <span class='ocrx_word' id='word_1_159' title='bbox 1478 1034 1593 1085; x_wconf 88' lang='lat' dir='ltr'>bono</span> <span class='ocrx_word' id='word_1_160' title='bbox 1632 1043 1859 1086; x_wconf 87' lang='lat' dir='ltr'>literarum.</span> <span class='ocrx_word' id='word_1_161' title='bbox 1917 1043 2026 1085; x_wconf 90' lang='lat' dir='ltr'>Ibid.</span> <span class='ocrx_word' id='word_1_162' title='bbox 2062 1045 2122 1096; x_wconf 89' lang='grc'>16,</span> <span class='ocrx_word' id='word_1_163' title='bbox 2158 1045 2207 1086; x_wconf 97' lang='grc'>12</span> <span class='ocrx_word' id='word_1_164' title='bbox 2236 1048 2261 1098; x_wconf 66' lang='grc' dir='ltr'>ξ</span> <span class='ocrx_word' id='word_1_165' title='bbox 2290 1046 2317 1085; x_wconf 84' lang='grc'><strong>6</strong></span> <span class='ocrx_word' id='word_1_166' title='bbox 2358 1044 2446 1098; x_wconf 92' lang='lat' dir='ltr'>Tu,</span> <span class='ocrx_word' id='word_1_167' title='bbox 2492 1059 2622 1101; x_wconf 91' lang='lat' dir='ltr'>quum</span> 
     </span>
     <span class='ocr_line' id='line_1_13' title="bbox 236 1112 2623 1172; baseline 0 -16"><span class='ocrx_word' id='word_1_168' title='bbox 236 1113 387 1170; x_wconf 90' lang='lat' dir='ltr'>(Orell.</span> <span class='ocrx_word' id='word_1_169' title='bbox 418 1113 637 1171; x_wconf 90' lang='lat' dir='ltr'>quoniam)</span> <span class='ocrx_word' id='word_1_170' title='bbox 668 1129 718 1156; x_wconf 93' lang='lat' dir='ltr'>eo</span> <span class='ocrx_word' id='word_1_171' title='bbox 746 1119 939 1169; x_wconf 89' lang='lat' dir='ltr'>tempore</span> <span class='ocrx_word' id='word_1_172' title='bbox 967 1128 1132 1155; x_wconf 91' lang='lat' dir='ltr'>mecum</span> <span class='ocrx_word' id='word_1_173' title='bbox 1176 1128 1271 1156; x_wconf 89' lang='lat' dir='ltr'>esse</span> <span class='ocrx_word' id='word_1_174' title='bbox 1308 1128 1393 1155; x_wconf 91' lang='lat' dir='ltr'>non</span> <span class='ocrx_word' id='word_1_175' title='bbox 1429 1112 1626 1171; x_wconf 89' lang='lat' dir='ltr'>potuisti,</span> <span class='ocrx_word' id='word_1_176' title='bbox 1666 1129 1750 1171; x_wconf 92' lang='lat' dir='ltr'>quo</span> <span class='ocrx_word' id='word_1_177' title='bbox 1780 1129 1862 1172; x_wconf 87' lang='lat' dir='ltr'>ego</span> <span class='ocrx_word' id='word_1_178' title='bbox 1891 1114 2074 1157; x_wconf 88' lang='lat' dir='ltr'>maxime</span> <span class='ocrx_word' id='word_1_179' title='bbox 2104 1129 2279 1172; x_wconf 86' lang='lat' dir='ltr'>operam</span> <span class='ocrx_word' id='word_1_180' title='bbox 2308 1122 2350 1157; x_wconf 83' lang='lat' dir='ltr'>et</span> <span class='ocrx_word' id='word_1_181' title='bbox 2377 1115 2623 1157; x_wconf 87' lang='lat' dir='ltr'>fidelitatem</span> 
     </span>
     <span class='ocr_line' id='line_1_14' title="bbox 236 1182 2622 1243; baseline 0 -16"><span class='ocrx_word' id='word_1_182' title='bbox 236 1184 475 1227; x_wconf 83' lang='lat' dir='ltr'>desideravi</span> <span class='ocrx_word' id='word_1_183' title='bbox 503 1191 631 1237; x_wconf 88' lang='lat' dir='ltr'>tuam,</span> <span class='ocrx_word' id='word_1_184' title='bbox 662 1199 765 1226; x_wconf 88' lang='lat' dir='ltr'>cave</span> <span class='ocrx_word' id='word_1_185' title='bbox 794 1184 981 1226; x_wconf 67' lang='lat' dir='ltr'>festines</span> <span class='ocrx_word' id='word_1_186' title='bbox 1038 1184 1102 1225; x_wconf 91' lang='lat' dir='ltr'>Id.</span> <span class='ocrx_word' id='word_1_187' title='bbox 1135 1183 1241 1226; x_wconf 91' lang='lat' dir='ltr'>Phil.</span> <span class='ocrx_word' id='word_1_188' title='bbox 1276 1185 1338 1238; x_wconf 88' lang='grc'>14,</span> <span class='ocrx_word' id='word_1_189' title='bbox 1371 1186 1418 1226; x_wconf 95' lang='grc'>11</span> <span class='ocrx_word' id='word_1_190' title='bbox 1451 1187 1478 1239; x_wconf 62' lang='grc' dir='ltr'>ξ</span> <span class='ocrx_word' id='word_1_191' title='bbox 1507 1185 1563 1226; x_wconf 90' lang='grc'>30</span> <span class='ocrx_word' id='word_1_192' title='bbox 1592 1182 1734 1236; x_wconf 83' lang='lat' dir='ltr'>Quam</span> <span class='ocrx_word' id='word_1_193' title='bbox 1762 1185 1888 1227; x_wconf 89' lang='lat' dir='ltr'>fidem</span> <span class='ocrx_word' id='word_1_194' title='bbox 1923 1201 2052 1242; x_wconf 92' lang='lat' dir='ltr'>quum</span> <span class='ocrx_word' id='word_1_195' title='bbox 2083 1186 2234 1241; x_wconf 87' lang='lat' dir='ltr'>(Orell.</span> <span class='ocrx_word' id='word_1_196' title='bbox 2266 1187 2484 1243; x_wconf 81' lang='lat' dir='ltr'>quoniam)</span> <span class='ocrx_word' id='word_1_197' title='bbox 2515 1187 2622 1227; x_wconf 85' lang='lat' dir='ltr'>diffi-</span> 
     </span>
     <span class='ocr_line' id='line_1_15' title="bbox 236 1255 2627 1314; baseline 0 -16"><span class='ocrx_word' id='word_1_198' title='bbox 236 1257 388 1298; x_wconf 91' lang='lat' dir='ltr'>cillimo</span> <span class='ocrx_word' id='word_1_199' title='bbox 417 1256 478 1298; x_wconf 90' lang='lat' dir='ltr'>rei</span> <span class='ocrx_word' id='word_1_200' title='bbox 508 1255 704 1314; x_wconf 90' lang='lat' dir='ltr'>publicae</span> <span class='ocrx_word' id='word_1_201' title='bbox 732 1262 924 1312; x_wconf 90' lang='lat' dir='ltr'>tempore</span> <span class='ocrx_word' id='word_1_202' title='bbox 954 1256 1085 1298; x_wconf 89' lang='lat' dir='ltr'>secuti</span> <span class='ocrx_word' id='word_1_203' title='bbox 1115 1262 1235 1310; x_wconf 89' lang='lat' dir='ltr'>sunt,</span> <span class='ocrx_word' id='word_1_204' title='bbox 1276 1270 1350 1298; x_wconf 89' lang='lat' dir='ltr'>eos</span> <span class='ocrx_word' id='word_1_205' title='bbox 1389 1271 1607 1313; x_wconf 91' lang='lat' dir='ltr'>nunquam</span> <span class='ocrx_word' id='word_1_206' title='bbox 1644 1256 1855 1314; x_wconf 88' lang='lat' dir='ltr'>oportebit</span> <span class='ocrx_word' id='word_1_207' title='bbox 1892 1257 2052 1298; x_wconf 91' lang='lat' dir='ltr'>consilii</span> <span class='ocrx_word' id='word_1_208' title='bbox 2089 1257 2150 1298; x_wconf 90' lang='lat' dir='ltr'>sui</span> <span class='ocrx_word' id='word_1_209' title='bbox 2187 1257 2418 1314; x_wconf 89' lang='lat' dir='ltr'>paenitere.</span> <span class='ocrx_word' id='word_1_210' title='bbox 2477 1257 2541 1299; x_wconf 88' lang='lat' dir='ltr'>Id.</span> <span class='ocrx_word' id='word_1_211' title='bbox 2573 1257 2627 1299; x_wconf 92' lang='lat' dir='ltr'>de</span> 
     </span>
     <span class='ocr_line' id='line_1_16' title="bbox 236 1326 2626 1385; baseline -0 -14"><span class='ocrx_word' id='word_1_212' title='bbox 236 1327 321 1371; x_wconf 86' lang='lat' dir='ltr'>Off.</span> <span class='ocrx_word' id='word_1_213' title='bbox 352 1328 390 1382; x_wconf 89' lang='lat'>3,</span> <span class='ocrx_word' id='word_1_214' title='bbox 425 1327 475 1369; x_wconf 93' lang='grc'>12</span> <span class='ocrx_word' id='word_1_215' title='bbox 504 1330 530 1381; x_wconf 68' lang='grc' dir='ltr'>ξ</span> <span class='ocrx_word' id='word_1_216' title='bbox 560 1328 611 1369; x_wconf 89' lang='grc'>51</span> <span class='ocrx_word' id='word_1_217' title='bbox 644 1326 798 1369; x_wconf 89' lang='lat' dir='ltr'>Vendo</span> <span class='ocrx_word' id='word_1_218' title='bbox 828 1342 970 1370; x_wconf 91' lang='lat' dir='ltr'>meum</span> <span class='ocrx_word' id='word_1_219' title='bbox 1001 1326 1297 1384; x_wconf 82' lang='lat' dir='ltr'>(frumentum)</span> <span class='ocrx_word' id='word_1_220' title='bbox 1326 1341 1412 1369; x_wconf 92' lang='lat' dir='ltr'>non</span> <span class='ocrx_word' id='word_1_221' title='bbox 1441 1327 1574 1384; x_wconf 89' lang='lat' dir='ltr'>pluris</span> <span class='ocrx_word' id='word_1_222' title='bbox 1605 1342 1732 1384; x_wconf 88' lang='lat' dir='ltr'>quam</span> <span class='ocrx_word' id='word_1_223' title='bbox 1762 1328 1901 1380; x_wconf 89' lang='lat' dir='ltr'>ceteri,</span> <span class='ocrx_word' id='word_1_224' title='bbox 1931 1328 2111 1370; x_wconf 89' lang='lat' dir='ltr'>fortasse</span> <span class='ocrx_word' id='word_1_225' title='bbox 2133 1329 2259 1370; x_wconf 89' lang='lat' dir='ltr'>etiam</span> <span class='ocrx_word' id='word_1_226' title='bbox 2279 1329 2467 1381; x_wconf 87' lang='lat' dir='ltr'>minoris,</span> <span class='ocrx_word' id='word_1_227' title='bbox 2496 1344 2626 1385; x_wconf 92' lang='lat' dir='ltr'>quum</span> 
     </span>
     <span class='ocr_line' id='line_1_17' title="bbox 234 1397 2624 1456; baseline 0 -16"><span class='ocrx_word' id='word_1_228' title='bbox 234 1401 372 1455; x_wconf 91' lang='lat' dir='ltr'>major</span> <span class='ocrx_word' id='word_1_229' title='bbox 402 1406 466 1441; x_wconf 90' lang='lat' dir='ltr'>est</span> <span class='ocrx_word' id='word_1_230' title='bbox 492 1398 627 1456; x_wconf 92' lang='lat' dir='ltr'>copia.</span> <span class='ocrx_word' id='word_1_231' title='bbox 685 1398 822 1440; x_wconf 87' lang='lat' dir='ltr'>Plaut.</span> <span class='ocrx_word' id='word_1_232' title='bbox 854 1398 971 1441; x_wconf 84' lang='lat' dir='ltr'>Trin.</span> <span class='ocrx_word' id='word_1_233' title='bbox 1001 1400 1040 1451; x_wconf 87' lang='lat'>5,</span> <span class='ocrx_word' id='word_1_234' title='bbox 1068 1400 1106 1452; x_wconf 88' lang='grc'>2,</span> <span class='ocrx_word' id='word_1_235' title='bbox 1135 1399 1191 1440; x_wconf 86' lang='grc'>46</span> <span class='ocrx_word' id='word_1_236' title='bbox 1220 1397 1363 1450; x_wconf 83' lang='lat' dir='ltr'>Quom</span> <span class='ocrx_word' id='word_1_237' title='bbox 1391 1399 1460 1440; x_wconf 91' lang='lat' dir='ltr'>ille</span> <span class='ocrx_word' id='word_1_238' title='bbox 1490 1398 1599 1452; x_wconf 89' lang='lat' dir='ltr'>itast,</span> <span class='ocrx_word' id='word_1_239' title='bbox 1630 1406 1676 1440; x_wconf 94' lang='lat' dir='ltr'>ut</span> <span class='ocrx_word' id='word_1_240' title='bbox 1705 1414 1800 1440; x_wconf 89' lang='lat' dir='ltr'>eum</span> <span class='ocrx_word' id='word_1_241' title='bbox 1830 1414 1923 1441; x_wconf 92' lang='lat' dir='ltr'>esse</span> <span class='ocrx_word' id='word_1_242' title='bbox 1954 1400 2050 1441; x_wconf 90' lang='lat' dir='ltr'>nolo</span> <span class='ocrx_word' id='word_1_243' title='bbox 2068 1432 2079 1452; x_wconf 94' lang='lat'>,</span> <span class='ocrx_word' id='word_1_244' title='bbox 2107 1399 2150 1441; x_wconf 90' lang='lat' dir='ltr'>id</span> <span class='ocrx_word' id='word_1_245' title='bbox 2180 1400 2356 1441; x_wconf 88' lang='lat' dir='ltr'>crucior.</span> <span class='ocrx_word' id='word_1_246' title='bbox 2414 1399 2478 1440; x_wconf 93' lang='lat' dir='ltr'>Id.</span> <span class='ocrx_word' id='word_1_247' title='bbox 2509 1399 2624 1441; x_wconf 84' lang='lat' dir='ltr'>Men.</span> 
     </span>
     <span class='ocr_line' id='line_1_18' title="bbox 234 1468 2626 1527; baseline 0 -16"><span class='ocrx_word' id='word_1_248' title='bbox 234 1470 272 1523; x_wconf 93' lang='grc'>2,</span> <span class='ocrx_word' id='word_1_249' title='bbox 302 1470 341 1523; x_wconf 91' lang='grc'>2,</span> <span class='ocrx_word' id='word_1_250' title='bbox 369 1470 423 1511; x_wconf 87' lang='grc'>29</span> <span class='ocrx_word' id='word_1_251' title='bbox 459 1469 515 1512; x_wconf 82' lang='grc' dir='ltr'>Εἰ</span> <span class='ocrx_word' id='word_1_252' title='bbox 552 1469 673 1523; x_wconf 91' lang='lat' dir='ltr'>mihi,</span> <span class='ocrx_word' id='word_1_253' title='bbox 717 1484 844 1527; x_wconf 92' lang='lat' dir='ltr'>quom</span> <span class='ocrx_word' id='word_1_254' title='bbox 881 1469 983 1511; x_wconf 89' lang='lat' dir='ltr'>nihil</span> <span class='ocrx_word' id='word_1_255' title='bbox 1022 1475 1108 1523; x_wconf 91' lang='lat' dir='ltr'>est,</span> <span class='ocrx_word' id='word_1_256' title='bbox 1154 1469 1225 1526; x_wconf 90' lang='lat' dir='ltr'>qui</span> <span class='ocrx_word' id='word_1_257' title='bbox 1262 1470 1346 1510; x_wconf 91' lang='lat' dir='ltr'>illic</span> <span class='ocrx_word' id='word_1_258' title='bbox 1375 1469 1535 1511; x_wconf 90' lang='lat' dir='ltr'>homini</span> <span class='ocrx_word' id='word_1_259' title='bbox 1565 1468 1837 1511; x_wconf 88' lang='lat' dir='ltr'>dimminuam</span> <span class='ocrx_word' id='word_1_260' title='bbox 1867 1477 2003 1527; x_wconf 89' lang='lat' dir='ltr'>caput.</span> <span class='ocrx_word' id='word_1_261' title='bbox 2063 1470 2238 1512; x_wconf 89' lang='lat' dir='ltr'>Terent.</span> <span class='ocrx_word' id='word_1_262' title='bbox 2268 1470 2404 1512; x_wconf 88' lang='lat' dir='ltr'>Andr.</span> <span class='ocrx_word' id='word_1_263' title='bbox 2434 1472 2473 1522; x_wconf 89' lang='lat'>3,</span> <span class='ocrx_word' id='word_1_264' title='bbox 2503 1472 2541 1522; x_wconf 84' lang='lat'>5,</span> <span class='ocrx_word' id='word_1_265' title='bbox 2576 1472 2626 1512; x_wconf 80' lang='lat' dir='ltr'>1ss</span> 
     </span>
     <span class='ocr_line' id='line_1_19' title="bbox 232 1540 2627 1599; baseline 0 -15"><span class='ocrx_word' id='word_1_266' title='bbox 232 1542 286 1584; x_wconf 91' lang='lat' dir='ltr'>Ei</span> <span class='ocrx_word' id='word_1_267' title='bbox 326 1542 450 1596; x_wconf 92' lang='lat' dir='ltr'>mihi,</span> <span class='ocrx_word' id='word_1_268' title='bbox 490 1557 619 1599; x_wconf 92' lang='lat' dir='ltr'>quom</span> <span class='ocrx_word' id='word_1_269' title='bbox 656 1557 742 1584; x_wconf 94' lang='lat' dir='ltr'>non</span> <span class='ocrx_word' id='word_1_270' title='bbox 771 1541 908 1584; x_wconf 89' lang='lat' dir='ltr'>habeo</span> <span class='ocrx_word' id='word_1_271' title='bbox 941 1542 1147 1599; x_wconf 90' lang='lat' dir='ltr'>spatium,</span> <span class='ocrx_word' id='word_1_272' title='bbox 1176 1548 1223 1584; x_wconf 90' lang='lat' dir='ltr'>ut</span> <span class='ocrx_word' id='word_1_273' title='bbox 1251 1541 1304 1584; x_wconf 89' lang='lat' dir='ltr'>de</span> <span class='ocrx_word' id='word_1_274' title='bbox 1333 1548 1376 1584; x_wconf 90' lang='lat' dir='ltr'>te</span> <span class='ocrx_word' id='word_1_275' title='bbox 1406 1556 1568 1584; x_wconf 89' lang='lat' dir='ltr'>sumam</span> <span class='ocrx_word' id='word_1_276' title='bbox 1599 1541 1870 1599; x_wconf 91' lang='lat' dir='ltr'>supplicium,</span> <span class='ocrx_word' id='word_1_277' title='bbox 1901 1549 1947 1583; x_wconf 90' lang='lat' dir='ltr'>ut</span> <span class='ocrx_word' id='word_1_278' title='bbox 1975 1542 2085 1584; x_wconf 83' lang='lat' dir='ltr'>volo.</span> <span class='ocrx_word' id='word_1_279' title='bbox 2143 1540 2233 1584; x_wconf 87' lang='lat' dir='ltr'>Cic.</span> <span class='ocrx_word' id='word_1_280' title='bbox 2262 1557 2343 1599; x_wconf 91' lang='lat' dir='ltr'>pro</span> <span class='ocrx_word' id='word_1_281' title='bbox 2374 1541 2541 1593; x_wconf 85' lang='lat' dir='ltr'>Quinct.</span> <span class='ocrx_word' id='word_1_282' title='bbox 2571 1543 2627 1584; x_wconf 90' lang='grc'>20</span> 
     </span>
     <span class='ocr_line' id='line_1_20' title="bbox 234 1612 2625 1671; baseline -0 -15"><span class='ocrx_word' id='word_1_283' title='bbox 234 1617 260 1667; x_wconf 67' lang='grc' dir='ltr'>ξ</span> <span class='ocrx_word' id='word_1_284' title='bbox 290 1615 345 1656; x_wconf 83' lang='grc'>65</span> <span class='ocrx_word' id='word_1_285' title='bbox 375 1613 503 1666; x_wconf 82' lang='lat' dir='ltr'>Quod</span> <span class='ocrx_word' id='word_1_286' title='bbox 532 1629 663 1671; x_wconf 93' lang='lat' dir='ltr'>quum</span> <span class='ocrx_word' id='word_1_287' title='bbox 691 1613 749 1655; x_wconf 91' lang='lat' dir='ltr'>ita</span> <span class='ocrx_word' id='word_1_288' title='bbox 778 1620 842 1656; x_wconf 91' lang='lat' dir='ltr'>est</span> <span class='ocrx_word' id='word_1_289' title='bbox 872 1612 1024 1669; x_wconf 90' lang='lat' dir='ltr'>(Orell.</span> <span class='ocrx_word' id='word_1_290' title='bbox 1059 1613 1143 1670; x_wconf 85' lang='lat' dir='ltr'>sit),</span> <span class='ocrx_word' id='word_1_291' title='bbox 1175 1629 1228 1656; x_wconf 87' lang='lat' dir='ltr'>ex</span> <span class='ocrx_word' id='word_1_292' title='bbox 1259 1613 1396 1656; x_wconf 87' lang='lat' dir='ltr'>edicto</span> <span class='ocrx_word' id='word_1_293' title='bbox 1417 1613 1531 1655; x_wconf 89' lang='lat' dir='ltr'>bona</span> <span class='ocrx_word' id='word_1_294' title='bbox 1549 1628 1749 1671; x_wconf 89' lang='lat' dir='ltr'>possessa</span> <span class='ocrx_word' id='word_1_295' title='bbox 1767 1628 1853 1655; x_wconf 91' lang='lat' dir='ltr'>non</span> <span class='ocrx_word' id='word_1_296' title='bbox 1884 1620 1992 1655; x_wconf 87' lang='lat' dir='ltr'>sunt.</span> <span class='ocrx_word' id='word_1_297' title='bbox 2051 1612 2214 1656; x_wconf 87' lang='lat' dir='ltr'>Contra</span> <span class='ocrx_word' id='word_1_298' title='bbox 2235 1613 2427 1655; x_wconf 90' lang='lat' dir='ltr'>codicum</span> <span class='ocrx_word' id='word_1_299' title='bbox 2447 1614 2625 1655; x_wconf 87' lang='lat' dir='ltr'>auctori·</span> 
     </span>
     <span class='ocr_line' id='line_1_21' title="bbox 233 1685 2625 1742; baseline 0 -16"><span class='ocrx_word' id='word_1_300' title='bbox 233 1692 363 1727; x_wconf 86' lang='lat' dir='ltr'>tatem</span> <span class='ocrx_word' id='word_1_301' title='bbox 381 1685 482 1726; x_wconf 91' lang='lat' dir='ltr'>nihil</span> <span class='ocrx_word' id='word_1_302' title='bbox 502 1686 545 1727; x_wconf 91' lang='lat' dir='ltr'>in</span> <span class='ocrx_word' id='word_1_303' title='bbox 560 1685 624 1726; x_wconf 92' lang='lat' dir='ltr'>his</span> <span class='ocrx_word' id='word_1_304' title='bbox 641 1685 904 1727; x_wconf 88' lang='lat' dir='ltr'>mutaverim.</span> <span class='ocrx_word' id='word_1_305' title='bbox 947 1685 1102 1742; x_wconf 90' lang='lat' dir='ltr'>Neque</span> <span class='ocrx_word' id='word_1_306' title='bbox 1119 1686 1231 1728; x_wconf 89' lang='lat' dir='ltr'>enim</span> <span class='ocrx_word' id='word_1_307' title='bbox 1251 1685 1484 1742; x_wconf 88' lang='lat' dir='ltr'>putandum</span> <span class='ocrx_word' id='word_1_308' title='bbox 1504 1691 1580 1738; x_wconf 90' lang='lat' dir='ltr'>est,</span> <span class='ocrx_word' id='word_1_309' title='bbox 1601 1699 1856 1741; x_wconf 89' lang='lat' dir='ltr'>quemquam</span> <span class='ocrx_word' id='word_1_310' title='bbox 1872 1693 1959 1726; x_wconf 88' lang='lat' dir='ltr'>tam</span> <span class='ocrx_word' id='word_1_311' title='bbox 1980 1700 2230 1742; x_wconf 74' lang='lat' dir='ltr'>perversum</span> <span class='ocrx_word' id='word_1_312' title='bbox 2250 1686 2318 1727; x_wconf 88' lang='lat' dir='ltr'>vel</span> <span class='ocrx_word' id='word_1_313' title='bbox 2338 1686 2625 1742; x_wconf 84' lang='lat' dir='ltr'>negligentem</span> 
     </span>
     <span class='ocr_line' id='line_1_22' title="bbox 234 1754 2623 1812; baseline 0 -15"><span class='ocrx_word' id='word_1_314' title='bbox 234 1756 378 1808; x_wconf 88' lang='lat' dir='ltr'>fuisse,</span> <span class='ocrx_word' id='word_1_315' title='bbox 409 1756 492 1812; x_wconf 90' lang='lat' dir='ltr'>qui,</span> <span class='ocrx_word' id='word_1_316' title='bbox 525 1755 558 1796; x_wconf 90' lang='lat' dir='ltr'>si</span> <span class='ocrx_word' id='word_1_317' title='bbox 586 1756 817 1797; x_wconf 86' lang='lat' dir='ltr'>invenisset</span> <span class='ocrx_word' id='word_1_318' title='bbox 843 1756 999 1797; x_wconf 87' lang='lat' dir='ltr'>verba:</span> <span class='ocrx_word' id='word_1_319' title='bbox 1031 1754 1158 1806; x_wconf 85' lang='lat' dir='ltr'>Quod</span> <span class='ocrx_word' id='word_1_320' title='bbox 1184 1771 1312 1812; x_wconf 89' lang='lat' dir='ltr'>quum</span> <span class='ocrx_word' id='word_1_321' title='bbox 1340 1756 1398 1797; x_wconf 89' lang='lat' dir='ltr'>ita</span> <span class='ocrx_word' id='word_1_322' title='bbox 1423 1756 1486 1808; x_wconf 90' lang='lat' dir='ltr'>sit,</span> <span class='ocrx_word' id='word_1_323' title='bbox 1512 1756 1592 1796; x_wconf 90' lang='lat' dir='ltr'>hoc</span> <span class='ocrx_word' id='word_1_324' title='bbox 1616 1756 1668 1797; x_wconf 89' lang='lat' dir='ltr'>sit</span> <span class='ocrx_word' id='word_1_325' title='bbox 1691 1756 1734 1796; x_wconf 92' lang='lat' dir='ltr'>in</span> <span class='ocrx_word' id='word_1_326' title='bbox 1759 1764 1823 1797; x_wconf 88' lang='lat' dir='ltr'>est</span> <span class='ocrx_word' id='word_1_327' title='bbox 1845 1764 2124 1797; x_wconf 78' lang='lat' dir='ltr'>converteret.</span> <span class='ocrx_word' id='word_1_328' title='bbox 2170 1756 2258 1798; x_wconf 86' lang='lat' dir='ltr'>Ubi</span> <span class='ocrx_word' id='word_1_329' title='bbox 2286 1756 2517 1812; x_wconf 86' lang='lat' dir='ltr'>perfectum</span> <span class='ocrx_word' id='word_1_330' title='bbox 2547 1765 2623 1807; x_wconf 85' lang='lat' dir='ltr'>est,</span> 
     </span>
     <span class='ocr_line' id='line_1_23' title="bbox 234 1826 2623 1883; baseline 0 -16"><span class='ocrx_word' id='word_1_331' title='bbox 234 1842 312 1868; x_wconf 88' lang='lat' dir='ltr'>nos</span> <span class='ocrx_word' id='word_1_332' title='bbox 332 1827 495 1868; x_wconf 88' lang='lat' dir='ltr'>facilius</span> <span class='ocrx_word' id='word_1_333' title='bbox 521 1842 662 1883; x_wconf 89' lang='lat' dir='ltr'>quum,</span> <span class='ocrx_word' id='word_1_334' title='bbox 693 1827 752 1868; x_wconf 91' lang='lat' dir='ltr'>sic</span> <span class='ocrx_word' id='word_1_335' title='bbox 774 1843 869 1868; x_wconf 88' lang='lat' dir='ltr'>cum</span> <span class='ocrx_word' id='word_1_336' title='bbox 889 1826 1114 1868; x_wconf 84' lang='lat' dir='ltr'>indicativo</span> <span class='ocrx_word' id='word_1_337' title='bbox 1136 1833 1434 1879; x_wconf 85' lang='lat' dir='ltr'>constructum,</span> <span class='ocrx_word' id='word_1_338' title='bbox 1466 1826 1876 1883; x_wconf 81' lang='lat' dir='ltr'>comprehendimus,</span> <span class='ocrx_word' id='word_1_339' title='bbox 1906 1827 2043 1882; x_wconf 85' lang='lat' dir='ltr'>major</span> <span class='ocrx_word' id='word_1_340' title='bbox 2062 1826 2185 1868; x_wconf 84' lang='lat' dir='ltr'>nobis</span> <span class='ocrx_word' id='word_1_341' title='bbox 2207 1827 2367 1868; x_wconf 83' lang='lat' dir='ltr'>exsistit</span> <span class='ocrx_word' id='word_1_342' title='bbox 2388 1826 2623 1878; x_wconf 87' lang='lat' dir='ltr'>difficultas,</span> 
     </span>
     <span class='ocr_line' id='line_1_24' title="bbox 234 1897 2622 1954; baseline 0 -16"><span class='ocrx_word' id='word_1_343' title='bbox 234 1897 306 1939; x_wconf 90' lang='lat' dir='ltr'>ubi</span> <span class='ocrx_word' id='word_1_344' title='bbox 345 1912 550 1953; x_wconf 87' lang='lat' dir='ltr'>praesens</span> <span class='ocrx_word' id='word_1_345' title='bbox 587 1904 672 1951; x_wconf 85' lang='lat' dir='ltr'>est,</span> <span class='ocrx_word' id='word_1_346' title='bbox 710 1912 953 1954; x_wconf 88' lang='lat' dir='ltr'>quanquam</span> <span class='ocrx_word' id='word_1_347' title='bbox 991 1897 1097 1939; x_wconf 89' lang='lat' dir='ltr'>ratio</span> <span class='ocrx_word' id='word_1_348' title='bbox 1136 1903 1201 1939; x_wconf 87' lang='lat' dir='ltr'>est</span> <span class='ocrx_word' id='word_1_349' title='bbox 1237 1897 1399 1939; x_wconf 89' lang='lat' dir='ltr'>eadem.</span> <span class='ocrx_word' id='word_1_350' title='bbox 1471 1898 1615 1954; x_wconf 89' lang='lat' dir='ltr'>Atque</span> <span class='ocrx_word' id='word_1_351' title='bbox 1655 1897 1757 1938; x_wconf 89' lang='lat' dir='ltr'>nihil</span> <span class='ocrx_word' id='word_1_352' title='bbox 1787 1897 1929 1938; x_wconf 84' lang='lat' dir='ltr'>differt</span> <span class='ocrx_word' id='word_1_353' title='bbox 1958 1912 1983 1938; x_wconf 91' lang='lat' dir='ltr'>a</span> <span class='ocrx_word' id='word_1_354' title='bbox 2012 1904 2238 1954; x_wconf 90' lang='lat' dir='ltr'>postquam</span> <span class='ocrx_word' id='word_1_355' title='bbox 2267 1898 2309 1939; x_wconf 90' lang='lat' dir='ltr'>in</span> <span class='ocrx_word' id='word_1_356' title='bbox 2337 1898 2450 1939; x_wconf 91' lang='lat' dir='ltr'>hisce</span> <span class='ocrx_word' id='word_1_357' title='bbox 2479 1898 2582 1939; x_wconf 87' lang='lat' dir='ltr'>locis</span> <span class='ocrx_word' id='word_1_358' title='bbox 2613 1914 2622 1938; x_wconf 91' lang='lat'>:</span> 
     </span>
     <span class='ocr_line' id='line_1_25' title="bbox 234 1967 2624 2025; baseline 0 -15"><span class='ocrx_word' id='word_1_359' title='bbox 234 1967 328 2010; x_wconf 82' lang='lat' dir='ltr'>Liv.</span> <span class='ocrx_word' id='word_1_360' title='bbox 358 1969 425 2022; x_wconf 91' lang='grc'>21,</span> <span class='ocrx_word' id='word_1_361' title='bbox 459 1968 509 2009; x_wconf 89' lang='grc'>13</span> <span class='ocrx_word' id='word_1_362' title='bbox 539 1967 772 2025; x_wconf 89' lang='lat' dir='ltr'>Postquam</span> <span class='ocrx_word' id='word_1_363' title='bbox 812 1982 891 2009; x_wconf 92' lang='lat' dir='ltr'>nec</span> <span class='ocrx_word' id='word_1_364' title='bbox 929 1968 982 2009; x_wconf 91' lang='lat' dir='ltr'>ab</span> <span class='ocrx_word' id='word_1_365' title='bbox 1012 1967 1217 2009; x_wconf 89' lang='lat' dir='ltr'>Romanis</span> <span class='ocrx_word' id='word_1_366' title='bbox 1255 1968 1377 2009; x_wconf 89' lang='lat' dir='ltr'>vobis</span> <span class='ocrx_word' id='word_1_367' title='bbox 1411 1969 1496 2009; x_wconf 92' lang='lat' dir='ltr'>ulla</span> <span class='ocrx_word' id='word_1_368' title='bbox 1533 1983 1632 2024; x_wconf 91' lang='lat' dir='ltr'>spes</span> <span class='ocrx_word' id='word_1_369' title='bbox 1662 1975 1748 2020; x_wconf 88' lang='lat' dir='ltr'>est,</span> <span class='ocrx_word' id='word_1_370' title='bbox 1778 1983 1857 2009; x_wconf 90' lang='lat' dir='ltr'>nec</span> <span class='ocrx_word' id='word_1_371' title='bbox 1887 1976 2031 2009; x_wconf 82' lang='lat' dir='ltr'>vestra</span> <span class='ocrx_word' id='word_1_372' title='bbox 2057 1968 2150 2024; x_wconf 89' lang='lat' dir='ltr'>jam</span> <span class='ocrx_word' id='word_1_373' title='bbox 2178 1976 2250 2010; x_wconf 91' lang='lat' dir='ltr'>aut</span> <span class='ocrx_word' id='word_1_374' title='bbox 2278 1984 2395 2010; x_wconf 88' lang='lat' dir='ltr'>arma</span> <span class='ocrx_word' id='word_1_375' title='bbox 2421 1984 2519 2021; x_wconf 80' lang='lat' dir='ltr'>vos,</span> <span class='ocrx_word' id='word_1_376' title='bbox 2552 1977 2624 2011; x_wconf 86' lang='lat' dir='ltr'>aut</span> 
     </span>
     <span class='ocr_line' id='line_1_26' title="bbox 235 2038 2622 2098; baseline 0 -16"><span class='ocrx_word' id='word_1_377' title='bbox 235 2040 404 2082; x_wconf 89' lang='lat' dir='ltr'>moenia</span> <span class='ocrx_word' id='word_1_378' title='bbox 436 2040 537 2081; x_wconf 91' lang='lat' dir='ltr'>satis</span> <span class='ocrx_word' id='word_1_379' title='bbox 567 2039 812 2093; x_wconf 87' lang='lat' dir='ltr'>defendunt,</span> <span class='ocrx_word' id='word_1_380' title='bbox 844 2055 993 2097; x_wconf 88' lang='lat' dir='ltr'>pacem</span> <span class='ocrx_word' id='word_1_381' title='bbox 1023 2039 1155 2081; x_wconf 83' lang='lat' dir='ltr'>affero</span> <span class='ocrx_word' id='word_1_382' title='bbox 1185 2038 1240 2081; x_wconf 88' lang='lat' dir='ltr'>ad</span> <span class='ocrx_word' id='word_1_383' title='bbox 1268 2054 1346 2081; x_wconf 87' lang='lat' dir='ltr'>vos</span> <span class='ocrx_word' id='word_1_384' title='bbox 1374 2039 1512 2096; x_wconf 89' lang='lat' dir='ltr'>magis</span> <span class='ocrx_word' id='word_1_385' title='bbox 1542 2039 1841 2093; x_wconf 88' lang='lat' dir='ltr'>necessariam,</span> <span class='ocrx_word' id='word_1_386' title='bbox 1872 2055 2000 2096; x_wconf 90' lang='lat' dir='ltr'>quam</span> <span class='ocrx_word' id='word_1_387' title='bbox 2029 2055 2221 2097; x_wconf 91' lang='lat' dir='ltr'>aequam.</span> <span class='ocrx_word' id='word_1_388' title='bbox 2279 2038 2415 2082; x_wconf 86' lang='lat' dir='ltr'>Plaut.</span> <span class='ocrx_word' id='word_1_389' title='bbox 2437 2038 2563 2098; x_wconf 87' lang='lat' dir='ltr'>Capt.</span> <span class='ocrx_word' id='word_1_390' title='bbox 2583 2041 2622 2093; x_wconf 88' lang='lat'>3,</span> 
     </span>
     <span class='ocr_line' id='line_1_27' title="bbox 238 2111 2622 2168; baseline 0.001 -16"><span class='ocrx_word' id='word_1_391' title='bbox 238 2114 273 2163; x_wconf 89' lang='lat'>1,</span> <span class='ocrx_word' id='word_1_392' title='bbox 303 2112 355 2152; x_wconf 85' lang='grc'>27</span> <span class='ocrx_word' id='word_1_393' title='bbox 395 2112 519 2153; x_wconf 82' lang='lat' dir='ltr'>Abeo</span> <span class='ocrx_word' id='word_1_394' title='bbox 549 2112 602 2153; x_wconf 89' lang='lat' dir='ltr'>ab</span> <span class='ocrx_word' id='word_1_395' title='bbox 631 2112 724 2164; x_wconf 90' lang='lat' dir='ltr'>illis,</span> <span class='ocrx_word' id='word_1_396' title='bbox 754 2119 980 2168; x_wconf 86' lang='lat' dir='ltr'>postquam</span> <span class='ocrx_word' id='word_1_397' title='bbox 1009 2111 1133 2152; x_wconf 91' lang='lat' dir='ltr'>video</span> <span class='ocrx_word' id='word_1_398' title='bbox 1164 2127 1231 2152; x_wconf 92' lang='lat' dir='ltr'>me</span> <span class='ocrx_word' id='word_1_399' title='bbox 1262 2111 1322 2152; x_wconf 90' lang='lat' dir='ltr'>sic</span> <span class='ocrx_word' id='word_1_400' title='bbox 1350 2111 1617 2153; x_wconf 88' lang='lat' dir='ltr'>ludificarier.</span> <span class='ocrx_word' id='word_1_401' title='bbox 1676 2111 1847 2153; x_wconf 89' lang='lat' dir='ltr'>Tertius</span> <span class='ocrx_word' id='word_1_402' title='bbox 1886 2120 1983 2168; x_wconf 91' lang='lat' dir='ltr'>post</span> <span class='ocrx_word' id='word_1_403' title='bbox 2024 2112 2136 2153; x_wconf 90' lang='lat' dir='ltr'>hunc</span> <span class='ocrx_word' id='word_1_404' title='bbox 2171 2127 2318 2154; x_wconf 78' lang='lat' dir='ltr'>versus</span> <span class='ocrx_word' id='word_1_405' title='bbox 2355 2111 2399 2154; x_wconf 89' lang='lat' dir='ltr'>in</span> <span class='ocrx_word' id='word_1_406' title='bbox 2438 2111 2622 2155; x_wconf 88' lang='lat' dir='ltr'>editione</span> 
     </span>
     <span class='ocr_line' id='line_1_28' title="bbox 235 2181 2624 2240; baseline 0 -15"><span class='ocrx_word' id='word_1_407' title='bbox 235 2182 366 2225; x_wconf 88' lang='lat' dir='ltr'>Basil.</span> <span class='ocrx_word' id='word_1_408' title='bbox 398 2198 464 2225; x_wconf 89' lang='lat' dir='ltr'>an.</span> <span class='ocrx_word' id='word_1_409' title='bbox 499 2184 603 2225; x_wconf 86' lang='grc'>1523</span> <span class='ocrx_word' id='word_1_410' title='bbox 634 2183 691 2224; x_wconf 90' lang='lat' dir='ltr'>sic</span> <span class='ocrx_word' id='word_1_411' title='bbox 730 2183 883 2239; x_wconf 83' lang='lat' dir='ltr'>legitur</span> <span class='ocrx_word' id='word_1_412' title='bbox 913 2198 922 2223; x_wconf 73' lang='grc' dir='ltr'>ε</span> <span class='ocrx_word' id='word_1_413' title='bbox 966 2182 1094 2224; x_wconf 90' lang='lat' dir='ltr'>Nunc</span> <span class='ocrx_word' id='word_1_414' title='bbox 1133 2181 1264 2224; x_wconf 91' lang='lat' dir='ltr'>redeo</span> <span class='ocrx_word' id='word_1_415' title='bbox 1307 2182 1428 2235; x_wconf 89' lang='lat' dir='ltr'>inde,</span> <span class='ocrx_word' id='word_1_416' title='bbox 1472 2198 1601 2239; x_wconf 90' lang='lat' dir='ltr'>quom</span> <span class='ocrx_word' id='word_1_417' title='bbox 1643 2198 1711 2224; x_wconf 91' lang='lat' dir='ltr'>me</span> <span class='ocrx_word' id='word_1_418' title='bbox 1748 2182 1806 2224; x_wconf 93' lang='lat' dir='ltr'>ibi</span> <span class='ocrx_word' id='word_1_419' title='bbox 1843 2183 1967 2224; x_wconf 80' lang='lat' dir='ltr'>video</span> <span class='ocrx_word' id='word_1_420' title='bbox 2007 2183 2268 2224; x_wconf 88' lang='lat' dir='ltr'>ludificarier.</span> <span class='ocrx_word' id='word_1_421' title='bbox 2328 2181 2376 2225; x_wconf 87' lang='lat' dir='ltr'>Si</span> <span class='ocrx_word' id='word_1_422' title='bbox 2415 2184 2624 2240; x_wconf 87' lang='lat' dir='ltr'>scriptura</span> 
     </span>
     <span class='ocr_line' id='line_1_29' title="bbox 237 2253 2357 2311; baseline -0.001 -14"><span class='ocrx_word' id='word_1_423' title='bbox 237 2270 366 2311; x_wconf 92' lang='lat' dir='ltr'>quom</span> <span class='ocrx_word' id='word_1_424' title='bbox 395 2270 472 2311; x_wconf 90' lang='lat' dir='ltr'>pro</span> <span class='ocrx_word' id='word_1_425' title='bbox 500 2254 699 2311; x_wconf 90' lang='lat' dir='ltr'>quoniam</span> <span class='ocrx_word' id='word_1_426' title='bbox 728 2261 844 2295; x_wconf 88' lang='lat' dir='ltr'>recta</span> <span class='ocrx_word' id='word_1_427' title='bbox 874 2254 938 2308; x_wconf 91' lang='lat' dir='ltr'>sit,</span> <span class='ocrx_word' id='word_1_428' title='bbox 969 2261 1254 2311; x_wconf 88' lang='lat' dir='ltr'>opportunum</span> <span class='ocrx_word' id='word_1_429' title='bbox 1283 2254 1365 2295; x_wconf 91' lang='lat' dir='ltr'>hoc</span> <span class='ocrx_word' id='word_1_430' title='bbox 1394 2253 1582 2310; x_wconf 90' lang='lat' dir='ltr'>opinioni</span> <span class='ocrx_word' id='word_1_431' title='bbox 1610 2268 1732 2295; x_wconf 91' lang='lat' dir='ltr'>meae</span> <span class='ocrx_word' id='word_1_432' title='bbox 1761 2253 2059 2295; x_wconf 89' lang='lat' dir='ltr'>adminiculum</span> <span class='ocrx_word' id='word_1_433' title='bbox 2090 2269 2183 2295; x_wconf 90' lang='lat' dir='ltr'>esse</span> <span class='ocrx_word' id='word_1_434' title='bbox 2212 2253 2357 2310; x_wconf 90' lang='lat' dir='ltr'>possit.</span> 
     </span>
    </p>

    <p class='ocr_par' dir='ltr' id='par_1_3' title="bbox 236 2323 2627 3458">
     <span class='ocr_line' id='line_1_30' title="bbox 367 2323 2624 2383; baseline -0 -14"><span class='ocrx_word' id='word_1_435' title='bbox 367 2326 470 2370; x_wconf 84' lang='lat' dir='ltr'>Jam</span> <span class='ocrx_word' id='word_1_436' title='bbox 500 2326 726 2369; x_wconf 90' lang='lat' dir='ltr'>dicendum</span> <span class='ocrx_word' id='word_1_437' title='bbox 756 2333 820 2369; x_wconf 91' lang='lat' dir='ltr'>est</span> <span class='ocrx_word' id='word_1_438' title='bbox 850 2326 902 2368; x_wconf 91' lang='lat' dir='ltr'>de</span> <span class='ocrx_word' id='word_1_439' title='bbox 932 2326 1001 2367; x_wconf 94' lang='lat' dir='ltr'>illo</span> <span class='ocrx_word' id='word_1_440' title='bbox 1033 2340 1185 2383; x_wconf 91' lang='lat' dir='ltr'>quum,</span> <span class='ocrx_word' id='word_1_441' title='bbox 1224 2325 1339 2383; x_wconf 90' lang='lat' dir='ltr'>quod</span> <span class='ocrx_word' id='word_1_442' title='bbox 1367 2324 1548 2367; x_wconf 90' lang='lat' dir='ltr'>reddere</span> <span class='ocrx_word' id='word_1_443' title='bbox 1579 2325 1763 2366; x_wconf 89' lang='lat' dir='ltr'>solemus</span> <span class='ocrx_word' id='word_1_444' title='bbox 1792 2332 1936 2366; x_wconf 87' lang='lat' dir='ltr'>nostro</span> <span class='ocrx_word' id='word_1_445' title='bbox 1967 2324 2152 2365; x_wconf 89' lang='lat' dir='ltr'>dadurch</span> <span class='ocrx_word' id='word_1_446' title='bbox 2192 2323 2297 2377; x_wconf 78' lang='lat' dir='ltr'>dasS,</span> <span class='ocrx_word' id='word_1_447' title='bbox 2342 2323 2498 2366; x_wconf 89' lang='lat' dir='ltr'>indem.</span> <span class='ocrx_word' id='word_1_448' title='bbox 2558 2324 2624 2368; x_wconf 83' lang='lat' dir='ltr'>Ita</span> 
     </span>
     <span class='ocr_line' id='line_1_31' title="bbox 237 2394 2623 2457; baseline -0.001 -16"><span class='ocrx_word' id='word_1_449' title='bbox 237 2397 270 2441; x_wconf 79' lang='lat' dir='ltr'>si</span> <span class='ocrx_word' id='word_1_450' title='bbox 302 2413 433 2457; x_wconf 88' lang='lat' dir='ltr'>quum</span> <span class='ocrx_word' id='word_1_451' title='bbox 461 2404 710 2456; x_wconf 80' lang='lat' dir='ltr'>usurpatum</span> <span class='ocrx_word' id='word_1_452' title='bbox 740 2405 825 2452; x_wconf 83' lang='lat' dir='ltr'>est,</span> <span class='ocrx_word' id='word_1_453' title='bbox 866 2405 1091 2456; x_wconf 89' lang='lat' dir='ltr'>utrumque</span> <span class='ocrx_word' id='word_1_454' title='bbox 1120 2398 1297 2439; x_wconf 90' lang='lat' dir='ltr'>verbum</span> <span class='ocrx_word' id='word_1_455' title='bbox 1329 2397 1562 2438; x_wconf 88' lang='lat' dir='ltr'>sententiae</span> <span class='ocrx_word' id='word_1_456' title='bbox 1592 2397 1817 2453; x_wconf 86' lang='lat' dir='ltr'>primariae</span> <span class='ocrx_word' id='word_1_457' title='bbox 1848 2403 1889 2437; x_wconf 91' lang='lat' dir='ltr'>et</span> <span class='ocrx_word' id='word_1_458' title='bbox 1918 2395 2189 2436; x_wconf 89' lang='lat' dir='ltr'>secundariae</span> <span class='ocrx_word' id='word_1_459' title='bbox 2218 2394 2332 2437; x_wconf 90' lang='lat' dir='ltr'>idem</span> <span class='ocrx_word' id='word_1_460' title='bbox 2361 2396 2490 2438; x_wconf 87' lang='lat' dir='ltr'>habet</span> <span class='ocrx_word' id='word_1_461' title='bbox 2517 2404 2623 2439; x_wconf 88' lang='lat' dir='ltr'>tem-</span> 
     </span>
     <span class='ocr_line' id='line_1_32' title="bbox 237 2467 2624 2529; baseline -0 -17"><span class='ocrx_word' id='word_1_462' title='bbox 237 2485 340 2529; x_wconf 78' lang='lat' dir='ltr'>puS,</span> <span class='ocrx_word' id='word_1_463' title='bbox 386 2470 569 2512; x_wconf 89' lang='lat' dir='ltr'>eundem</span> <span class='ocrx_word' id='word_1_464' title='bbox 608 2471 802 2523; x_wconf 90' lang='lat' dir='ltr'>modum,</span> <span class='ocrx_word' id='word_1_465' title='bbox 841 2471 931 2512; x_wconf 86' lang='lat' dir='ltr'>fere</span> <span class='ocrx_word' id='word_1_466' title='bbox 969 2484 1138 2526; x_wconf 88' lang='lat' dir='ltr'>semper</span> <span class='ocrx_word' id='word_1_467' title='bbox 1176 2470 1303 2511; x_wconf 90' lang='lat' dir='ltr'>etiam</span> <span class='ocrx_word' id='word_1_468' title='bbox 1341 2469 1521 2510; x_wconf 88' lang='lat' dir='ltr'>eandem</span> <span class='ocrx_word' id='word_1_469' title='bbox 1549 2485 1788 2526; x_wconf 84' lang='lat' dir='ltr'>personam.</span> <span class='ocrx_word' id='word_1_470' title='bbox 1861 2467 1987 2518; x_wconf 84' lang='lat' dir='ltr'>Quod</span> <span class='ocrx_word' id='word_1_471' title='bbox 2020 2474 2160 2509; x_wconf 92' lang='lat' dir='ltr'>autem</span> <span class='ocrx_word' id='word_1_472' title='bbox 2189 2474 2415 2524; x_wconf 91' lang='lat' dir='ltr'>utrumque</span> <span class='ocrx_word' id='word_1_473' title='bbox 2445 2468 2624 2511; x_wconf 75' lang='lat' dir='ltr'>verbum</span> 
     </span>
     <span class='ocr_line' id='line_1_33' title="bbox 237 2539 2624 2599; baseline 0 -16"><span class='ocrx_word' id='word_1_474' title='bbox 237 2558 406 2599; x_wconf 89' lang='lat' dir='ltr'>semper</span> <span class='ocrx_word' id='word_1_475' title='bbox 426 2543 616 2599; x_wconf 87' lang='lat' dir='ltr'>ejusdem</span> <span class='ocrx_word' id='word_1_476' title='bbox 637 2550 701 2585; x_wconf 88' lang='lat' dir='ltr'>est</span> <span class='ocrx_word' id='word_1_477' title='bbox 720 2543 935 2599; x_wconf 87' lang='lat' dir='ltr'>temporis,</span> <span class='ocrx_word' id='word_1_478' title='bbox 956 2543 999 2584; x_wconf 90' lang='lat' dir='ltr'>id</span> <span class='ocrx_word' id='word_1_479' title='bbox 1020 2558 1097 2598; x_wconf 90' lang='lat' dir='ltr'>per</span> <span class='ocrx_word' id='word_1_480' title='bbox 1117 2557 1162 2584; x_wconf 90' lang='lat' dir='ltr'>se</span> <span class='ocrx_word' id='word_1_481' title='bbox 1183 2543 1322 2598; x_wconf 91' lang='lat' dir='ltr'>ipsum</span> <span class='ocrx_word' id='word_1_482' title='bbox 1341 2541 1495 2583; x_wconf 89' lang='lat' dir='ltr'>indicio</span> <span class='ocrx_word' id='word_1_483' title='bbox 1517 2548 1593 2595; x_wconf 89' lang='lat' dir='ltr'>est,</span> <span class='ocrx_word' id='word_1_484' title='bbox 1623 2541 1790 2583; x_wconf 87' lang='lat' dir='ltr'>causale</span> <span class='ocrx_word' id='word_1_485' title='bbox 1810 2539 1909 2582; x_wconf 89' lang='lat' dir='ltr'>illud</span> <span class='ocrx_word' id='word_1_486' title='bbox 1931 2555 2058 2595; x_wconf 91' lang='lat' dir='ltr'>quum</span> <span class='ocrx_word' id='word_1_487' title='bbox 2078 2554 2230 2582; x_wconf 83' lang='lat' dir='ltr'>revera</span> <span class='ocrx_word' id='word_1_488' title='bbox 2251 2555 2345 2582; x_wconf 90' lang='lat' dir='ltr'>esse</span> <span class='ocrx_word' id='word_1_489' title='bbox 2366 2555 2453 2582; x_wconf 88' lang='lat' dir='ltr'>non</span> <span class='ocrx_word' id='word_1_490' title='bbox 2482 2556 2624 2598; x_wconf 87' lang='lat' dir='ltr'>posse,</span> 
     </span>
     <span class='ocr_line' id='line_1_34' title="bbox 238 2595 2627 2671; baseline 0 -16"><span class='ocrx_word' id='word_1_491' title='bbox 238 2595 446 2671; x_wconf 79' lang='lat' dir='ltr'>siquidem</span> <span class='ocrx_word' id='word_1_492' title='bbox 486 2629 614 2656; x_wconf 86' lang='lat' dir='ltr'>causa</span> <span class='ocrx_word' id='word_1_493' title='bbox 652 2621 716 2656; x_wconf 91' lang='lat' dir='ltr'>est</span> <span class='ocrx_word' id='word_1_494' title='bbox 754 2613 1035 2667; x_wconf 89' lang='lat' dir='ltr'>antecedens,</span> <span class='ocrx_word' id='word_1_495' title='bbox 1081 2613 1257 2655; x_wconf 86' lang='lat' dir='ltr'>effeetus</span> <span class='ocrx_word' id='word_1_496' title='bbox 1296 2628 1574 2670; x_wconf 89' lang='lat' dir='ltr'>consequens.</span> <span class='ocrx_word' id='word_1_497' title='bbox 1643 2611 1710 2654; x_wconf 91' lang='lat' dir='ltr'>Eo</span> <span class='ocrx_word' id='word_1_498' title='bbox 1750 2610 1889 2668; x_wconf 92' lang='lat' dir='ltr'>potius</span> <span class='ocrx_word' id='word_1_499' title='bbox 1919 2610 2125 2665; x_wconf 86' lang='lat' dir='ltr'>judicium</span> <span class='ocrx_word' id='word_1_500' title='bbox 2169 2611 2328 2653; x_wconf 87' lang='lat' dir='ltr'>factum</span> <span class='ocrx_word' id='word_1_501' title='bbox 2371 2612 2627 2669; x_wconf 84' lang='lat' dir='ltr'>explanatur</span> 
     </span>
     <span class='ocr_line' id='line_1_35' title="bbox 236 2681 2626 2742; baseline 0 -16"><span class='ocrx_word' id='word_1_502' title='bbox 236 2685 473 2742; x_wconf 88' lang='lat' dir='ltr'>ambaeque</span> <span class='ocrx_word' id='word_1_503' title='bbox 515 2685 824 2727; x_wconf 88' lang='lat' dir='ltr'>enuntiationes</span> <span class='ocrx_word' id='word_1_504' title='bbox 865 2686 1106 2742; x_wconf 87' lang='lat' dir='ltr'>exprimunt</span> <span class='ocrx_word' id='word_1_505' title='bbox 1147 2684 1327 2742; x_wconf 89' lang='lat' dir='ltr'>aliquid,</span> <span class='ocrx_word' id='word_1_506' title='bbox 1365 2684 1502 2742; x_wconf 90' lang='lat' dir='ltr'>quod,</span> <span class='ocrx_word' id='word_1_507' title='bbox 1555 2683 1729 2726; x_wconf 89' lang='lat' dir='ltr'>dicentis</span> <span class='ocrx_word' id='word_1_508' title='bbox 1772 2681 1941 2739; x_wconf 90' lang='lat' dir='ltr'>quidem</span> <span class='ocrx_word' id='word_1_509' title='bbox 1986 2682 2215 2736; x_wconf 85' lang='lat' dir='ltr'>sententia,</span> <span class='ocrx_word' id='word_1_510' title='bbox 2270 2690 2312 2725; x_wconf 88' lang='lat' dir='ltr'>et</span> <span class='ocrx_word' id='word_1_511' title='bbox 2349 2690 2545 2741; x_wconf 87' lang='lat' dir='ltr'>tempore</span> <span class='ocrx_word' id='word_1_512' title='bbox 2585 2694 2626 2727; x_wconf 89' lang='lat' dir='ltr'>et</span> 
     </span>
     <span class='ocr_line' id='line_1_36' title="bbox 237 2753 2624 2814; baseline -0 -16"><span class='ocrx_word' id='word_1_513' title='bbox 237 2771 365 2798; x_wconf 90' lang='lat' dir='ltr'>sensu</span> <span class='ocrx_word' id='word_1_514' title='bbox 398 2756 604 2813; x_wconf 87' lang='lat' dir='ltr'>congruit.</span> <span class='ocrx_word' id='word_1_515' title='bbox 664 2755 752 2799; x_wconf 87' lang='lat' dir='ltr'>Cic.</span> <span class='ocrx_word' id='word_1_516' title='bbox 783 2757 825 2798; x_wconf 89' lang='lat' dir='ltr'>in</span> <span class='ocrx_word' id='word_1_517' title='bbox 853 2756 977 2799; x_wconf 89' lang='lat' dir='ltr'>Verr.</span> <span class='ocrx_word' id='word_1_518' title='bbox 1007 2758 1046 2810; x_wconf 90' lang='lat'>5,</span> <span class='ocrx_word' id='word_1_519' title='bbox 1074 2757 1125 2799; x_wconf 82' lang='lat'>37</span> <span class='ocrx_word' id='word_1_520' title='bbox 1158 2758 1184 2810; x_wconf 66' lang='grc' dir='ltr'>ξ</span> <span class='ocrx_word' id='word_1_521' title='bbox 1204 2757 1258 2798; x_wconf 85' lang='grc'>96</span> <span class='ocrx_word' id='word_1_522' title='bbox 1288 2755 1431 2808; x_wconf 83' lang='lat' dir='ltr'>Quum</span> <span class='ocrx_word' id='word_1_523' title='bbox 1461 2756 1503 2797; x_wconf 91' lang='lat' dir='ltr'>in</span> <span class='ocrx_word' id='word_1_524' title='bbox 1532 2762 1698 2814; x_wconf 88' lang='lat' dir='ltr'>portum</span> <span class='ocrx_word' id='word_1_525' title='bbox 1719 2754 1823 2806; x_wconf 87' lang='lat' dir='ltr'>dico,</span> <span class='ocrx_word' id='word_1_526' title='bbox 1853 2753 1896 2794; x_wconf 93' lang='lat' dir='ltr'>in</span> <span class='ocrx_word' id='word_1_527' title='bbox 1924 2753 2073 2795; x_wconf 91' lang='lat' dir='ltr'>urbem</span> <span class='ocrx_word' id='word_1_528' title='bbox 2097 2754 2204 2796; x_wconf 90' lang='lat' dir='ltr'>dico.</span> <span class='ocrx_word' id='word_1_529' title='bbox 2262 2754 2328 2796; x_wconf 90' lang='lat' dir='ltr'>Id.</span> <span class='ocrx_word' id='word_1_530' title='bbox 2357 2771 2436 2812; x_wconf 93' lang='lat' dir='ltr'>pro</span> <span class='ocrx_word' id='word_1_531' title='bbox 2468 2756 2624 2798; x_wconf 88' lang='lat' dir='ltr'>Roscio</span> 
     </span>
     <span class='ocr_line' id='line_1_37' title="bbox 236 2825 2620 2885; baseline 0 -16"><span class='ocrx_word' id='word_1_532' title='bbox 236 2827 333 2869; x_wconf 91' lang='lat' dir='ltr'>Am.</span> <span class='ocrx_word' id='word_1_533' title='bbox 366 2828 417 2870; x_wconf 83' lang='grc'>19</span> <span class='ocrx_word' id='word_1_534' title='bbox 447 2831 472 2882; x_wconf 61' lang='grc' dir='ltr'>ξ</span> <span class='ocrx_word' id='word_1_535' title='bbox 501 2828 556 2870; x_wconf 83' lang='grc'>54</span> <span class='ocrx_word' id='word_1_536' title='bbox 586 2825 787 2871; x_wconf 87' lang='lat' dir='ltr'>Concedo</span> <span class='ocrx_word' id='word_1_537' title='bbox 816 2828 914 2881; x_wconf 89' lang='lat' dir='ltr'>tibi,</span> <span class='ocrx_word' id='word_1_538' title='bbox 944 2834 990 2871; x_wconf 92' lang='lat' dir='ltr'>ut</span> <span class='ocrx_word' id='word_1_539' title='bbox 1019 2843 1071 2871; x_wconf 89' lang='lat' dir='ltr'>ea</span> <span class='ocrx_word' id='word_1_540' title='bbox 1091 2835 1357 2885; x_wconf 85' lang='lat' dir='ltr'>praetereas,</span> <span class='ocrx_word' id='word_1_541' title='bbox 1398 2842 1531 2885; x_wconf 85' lang='lat' dir='ltr'>quae,</span> <span class='ocrx_word' id='word_1_542' title='bbox 1571 2841 1699 2883; x_wconf 93' lang='lat' dir='ltr'>quum</span> <span class='ocrx_word' id='word_1_543' title='bbox 1726 2832 1862 2878; x_wconf 86' lang='lat' dir='ltr'>taces,</span> <span class='ocrx_word' id='word_1_544' title='bbox 1892 2826 2007 2867; x_wconf 83' lang='lat' dir='ltr'>nulla</span> <span class='ocrx_word' id='word_1_545' title='bbox 2037 2841 2131 2868; x_wconf 88' lang='lat' dir='ltr'>esse</span> <span class='ocrx_word' id='word_1_546' title='bbox 2162 2827 2375 2869; x_wconf 91' lang='lat' dir='ltr'>concedis.</span> <span class='ocrx_word' id='word_1_547' title='bbox 2434 2828 2541 2869; x_wconf 93' lang='lat' dir='ltr'>Ibid.</span> <span class='ocrx_word' id='word_1_548' title='bbox 2571 2829 2620 2869; x_wconf 90' lang='grc'>21</span> 
     </span>
     <span class='ocr_line' id='line_1_38' title="bbox 237 2896 2623 2956; baseline 0.001 -16"><span class='ocrx_word' id='word_1_549' title='bbox 237 2903 263 2953; x_wconf 63' lang='grc' dir='ltr'>ξ</span> <span class='ocrx_word' id='word_1_550' title='bbox 293 2900 347 2941; x_wconf 87' lang='grc'>58</span> <span class='ocrx_word' id='word_1_551' title='bbox 387 2898 531 2950; x_wconf 84' lang='lat' dir='ltr'>Quum</span> <span class='ocrx_word' id='word_1_552' title='bbox 568 2900 648 2941; x_wconf 87' lang='lat' dir='ltr'>hoc</span> <span class='ocrx_word' id='word_1_553' title='bbox 686 2899 813 2941; x_wconf 90' lang='lat' dir='ltr'>modo</span> <span class='ocrx_word' id='word_1_554' title='bbox 853 2915 1053 2952; x_wconf 87' lang='lat' dir='ltr'>accusas,</span> <span class='ocrx_word' id='word_1_555' title='bbox 1099 2915 1240 2942; x_wconf 91' lang='lat' dir='ltr'>nonne</span> <span class='ocrx_word' id='word_1_556' title='bbox 1274 2901 1355 2942; x_wconf 93' lang='lat' dir='ltr'>hoc</span> <span class='ocrx_word' id='word_1_557' title='bbox 1392 2901 1532 2956; x_wconf 89' lang='lat' dir='ltr'>palam</span> <span class='ocrx_word' id='word_1_558' title='bbox 1569 2896 1671 2938; x_wconf 89' lang='lat' dir='ltr'>dicis</span> <span class='ocrx_word' id='word_1_559' title='bbox 1710 2904 1787 2938; x_wconf 84' lang='lat' dir='ltr'>etc.</span> <span class='ocrx_word' id='word_1_560' title='bbox 1859 2896 1922 2938; x_wconf 94' lang='lat' dir='ltr'>Id.</span> <span class='ocrx_word' id='word_1_561' title='bbox 1953 2897 1996 2938; x_wconf 93' lang='lat' dir='ltr'>in</span> <span class='ocrx_word' id='word_1_562' title='bbox 2025 2896 2113 2939; x_wconf 91' lang='lat' dir='ltr'>Pis.</span> <span class='ocrx_word' id='word_1_563' title='bbox 2145 2898 2168 2940; x_wconf 84' lang='lat'><strong>7</strong></span> <span class='ocrx_word' id='word_1_564' title='bbox 2201 2901 2227 2952; x_wconf 70' lang='grc' dir='ltr'>ξ</span> <span class='ocrx_word' id='word_1_565' title='bbox 2260 2900 2312 2941; x_wconf 88' lang='grc'>14</span> <span class='ocrx_word' id='word_1_566' title='bbox 2342 2899 2465 2951; x_wconf 86' lang='lat' dir='ltr'>Quae</span> <span class='ocrx_word' id='word_1_567' title='bbox 2496 2915 2623 2956; x_wconf 87' lang='lat' dir='ltr'>quum</span> 
     </span>
     <span class='ocr_line' id='line_1_39' title="bbox 237 2967 2622 3029; baseline 0.001 -18"><span class='ocrx_word' id='word_1_568' title='bbox 237 2971 528 3027; x_wconf 86' lang='lat' dir='ltr'>reprehendis,</span> <span class='ocrx_word' id='word_1_569' title='bbox 559 2971 760 3024; x_wconf 81' lang='lat' dir='ltr'>ostendis,</span> <span class='ocrx_word' id='word_1_570' title='bbox 791 2971 926 3029; x_wconf 90' lang='lat' dir='ltr'>qualis</span> <span class='ocrx_word' id='word_1_571' title='bbox 954 2979 1013 3024; x_wconf 87' lang='lat' dir='ltr'>tu,</span> <span class='ocrx_word' id='word_1_572' title='bbox 1045 2972 1079 3013; x_wconf 92' lang='lat' dir='ltr'>si</span> <span class='ocrx_word' id='word_1_573' title='bbox 1107 2972 1166 3014; x_wconf 92' lang='lat' dir='ltr'>ita</span> <span class='ocrx_word' id='word_1_574' title='bbox 1193 2972 1303 3014; x_wconf 87' lang='lat' dir='ltr'>forte</span> <span class='ocrx_word' id='word_1_575' title='bbox 1332 2970 1563 3022; x_wconf 87' lang='lat' dir='ltr'>accidisset,</span> <span class='ocrx_word' id='word_1_576' title='bbox 1593 2967 1722 3009; x_wconf 89' lang='lat' dir='ltr'>fueris</span> <span class='ocrx_word' id='word_1_577' title='bbox 1751 2967 1821 3009; x_wconf 92' lang='lat' dir='ltr'>illo</span> <span class='ocrx_word' id='word_1_578' title='bbox 1851 2974 2043 3025; x_wconf 89' lang='lat' dir='ltr'>tempore</span> <span class='ocrx_word' id='word_1_579' title='bbox 2067 2970 2216 3012; x_wconf 89' lang='lat' dir='ltr'>consul</span> <span class='ocrx_word' id='word_1_580' title='bbox 2244 2970 2423 3013; x_wconf 89' lang='lat' dir='ltr'>futurus.</span> <span class='ocrx_word' id='word_1_581' title='bbox 2481 2971 2543 3013; x_wconf 92' lang='lat' dir='ltr'>Id.</span> <span class='ocrx_word' id='word_1_582' title='bbox 2571 2971 2622 3014; x_wconf 89' lang='lat' dir='ltr'>de</span> 
     </span>
     <span class='ocr_line' id='line_1_40' title="bbox 236 3039 2623 3100; baseline 0.001 -18"><span class='ocrx_word' id='word_1_583' title='bbox 236 3041 331 3083; x_wconf 84' lang='lat' dir='ltr'>Fin.</span> <span class='ocrx_word' id='word_1_584' title='bbox 361 3043 399 3095; x_wconf 87' lang='lat'>3,</span> <span class='ocrx_word' id='word_1_585' title='bbox 429 3043 456 3083; x_wconf 92' lang='grc'>2</span> <span class='ocrx_word' id='word_1_586' title='bbox 485 3045 511 3096; x_wconf 65' lang='grc' dir='ltr'>ξ</span> <span class='ocrx_word' id='word_1_587' title='bbox 541 3043 567 3083; x_wconf 89' lang='grc'>9</span> <span class='ocrx_word' id='word_1_588' title='bbox 596 3042 822 3085; x_wconf 89' lang='lat' dir='ltr'>Praeclare</span> <span class='ocrx_word' id='word_1_589' title='bbox 851 3043 969 3096; x_wconf 86' lang='lat' dir='ltr'>facis,</span> <span class='ocrx_word' id='word_1_590' title='bbox 1000 3059 1130 3100; x_wconf 91' lang='lat' dir='ltr'>quum</span> <span class='ocrx_word' id='word_1_591' title='bbox 1160 3050 1201 3085; x_wconf 90' lang='lat' dir='ltr'>et</span> <span class='ocrx_word' id='word_1_592' title='bbox 1230 3058 1376 3085; x_wconf 90' lang='lat' dir='ltr'>eorum</span> <span class='ocrx_word' id='word_1_593' title='bbox 1404 3039 1649 3082; x_wconf 90' lang='lat' dir='ltr'>memoriam</span> <span class='ocrx_word' id='word_1_594' title='bbox 1677 3045 1811 3091; x_wconf 83' lang='lat' dir='ltr'>tenes,</span> <span class='ocrx_word' id='word_1_595' title='bbox 1848 3054 2030 3095; x_wconf 90' lang='lat' dir='ltr'>quorum</span> <span class='ocrx_word' id='word_1_596' title='bbox 2059 3047 2239 3099; x_wconf 88' lang='lat' dir='ltr'>uterque</span> <span class='ocrx_word' id='word_1_597' title='bbox 2268 3042 2343 3084; x_wconf 91' lang='lat' dir='ltr'>tibi</span> <span class='ocrx_word' id='word_1_598' title='bbox 2370 3049 2623 3085; x_wconf 86' lang='lat' dir='ltr'>testamento</span> 
     </span>
     <span class='ocr_line' id='line_1_41' title="bbox 237 3108 2622 3171; baseline 0.001 -17"><span class='ocrx_word' id='word_1_599' title='bbox 237 3113 393 3154; x_wconf 89' lang='lat' dir='ltr'>liberos</span> <span class='ocrx_word' id='word_1_600' title='bbox 423 3128 522 3154; x_wconf 88' lang='lat' dir='ltr'>suos</span> <span class='ocrx_word' id='word_1_601' title='bbox 552 3114 883 3167; x_wconf 86' lang='lat' dir='ltr'>commendavit,</span> <span class='ocrx_word' id='word_1_602' title='bbox 930 3120 971 3156; x_wconf 92' lang='lat' dir='ltr'>et</span> <span class='ocrx_word' id='word_1_603' title='bbox 999 3129 1178 3171; x_wconf 90' lang='lat' dir='ltr'>puerum</span> <span class='ocrx_word' id='word_1_604' title='bbox 1208 3113 1357 3169; x_wconf 87' lang='lat' dir='ltr'>diligis.</span> <span class='ocrx_word' id='word_1_605' title='bbox 1415 3112 1551 3152; x_wconf 88' lang='lat' dir='ltr'>Plaut.</span> <span class='ocrx_word' id='word_1_606' title='bbox 1581 3108 1763 3151; x_wconf 74' lang='lat' dir='ltr'>Mostell.</span> <span class='ocrx_word' id='word_1_607' title='bbox 1794 3110 1832 3162; x_wconf 88' lang='lat'>3,</span> <span class='ocrx_word' id='word_1_608' title='bbox 1863 3111 1901 3163; x_wconf 89' lang='grc'>2,</span> <span class='ocrx_word' id='word_1_609' title='bbox 1933 3111 1988 3152; x_wconf 85' lang='grc'>25</span> <span class='ocrx_word' id='word_1_610' title='bbox 2026 3112 2176 3154; x_wconf 86' lang='lat' dir='ltr'>Amice</span> <span class='ocrx_word' id='word_1_611' title='bbox 2215 3113 2341 3166; x_wconf 87' lang='lat' dir='ltr'>facis,</span> <span class='ocrx_word' id='word_1_612' title='bbox 2386 3129 2512 3170; x_wconf 90' lang='lat' dir='ltr'>quom</span> <span class='ocrx_word' id='word_1_613' title='bbox 2555 3130 2622 3156; x_wconf 90' lang='lat' dir='ltr'>me</span> 
     </span>
     <span class='ocr_line' id='line_1_42' title="bbox 236 3182 2622 3242; baseline 0 -15"><span class='ocrx_word' id='word_1_614' title='bbox 236 3185 396 3227; x_wconf 90' lang='lat' dir='ltr'>laudas.</span> <span class='ocrx_word' id='word_1_615' title='bbox 454 3184 517 3226; x_wconf 91' lang='lat' dir='ltr'>Id.</span> <span class='ocrx_word' id='word_1_616' title='bbox 548 3184 636 3226; x_wconf 91' lang='lat' dir='ltr'>Mil.</span> <span class='ocrx_word' id='word_1_617' title='bbox 667 3184 851 3228; x_wconf 87' lang='lat' dir='ltr'>Glorios.</span> <span class='ocrx_word' id='word_1_618' title='bbox 880 3186 919 3239; x_wconf 91' lang='lat'>4,</span> <span class='ocrx_word' id='word_1_619' title='bbox 949 3186 987 3239; x_wconf 89' lang='grc'>2,</span> <span class='ocrx_word' id='word_1_620' title='bbox 1020 3185 1072 3227; x_wconf 86' lang='grc'>78</span> <span class='ocrx_word' id='word_1_621' title='bbox 1101 3184 1227 3227; x_wconf 87' lang='lat' dir='ltr'>Facis</span> <span class='ocrx_word' id='word_1_622' title='bbox 1254 3199 1386 3236; x_wconf 86' lang='lat' dir='ltr'>nune,</span> <span class='ocrx_word' id='word_1_623' title='bbox 1424 3189 1469 3224; x_wconf 90' lang='lat' dir='ltr'>ut</span> <span class='ocrx_word' id='word_1_624' title='bbox 1495 3188 1538 3224; x_wconf 87' lang='lat' dir='ltr'>te</span> <span class='ocrx_word' id='word_1_625' title='bbox 1567 3182 1709 3224; x_wconf 89' lang='lat' dir='ltr'>facere</span> <span class='ocrx_word' id='word_1_626' title='bbox 1740 3191 1985 3240; x_wconf 88' lang='lat' dir='ltr'>aequomst,</span> <span class='ocrx_word' id='word_1_627' title='bbox 2030 3200 2182 3242; x_wconf 91' lang='lat' dir='ltr'>quom,</span> <span class='ocrx_word' id='word_1_628' title='bbox 2223 3201 2332 3242; x_wconf 88' lang='lat' dir='ltr'>quae</span> <span class='ocrx_word' id='word_1_629' title='bbox 2374 3185 2494 3227; x_wconf 87' lang='lat' dir='ltr'>illaec</span> <span class='ocrx_word' id='word_1_630' title='bbox 2522 3186 2622 3239; x_wconf 79' lang='lat' dir='ltr'>volt,</span> 
     </span>
     <span class='ocr_line' id='line_1_43' title="bbox 237 3255 2621 3315; baseline 0.001 -17"><span class='ocrx_word' id='word_1_631' title='bbox 237 3256 386 3299; x_wconf 88' lang='lat' dir='ltr'>eadem</span> <span class='ocrx_word' id='word_1_632' title='bbox 414 3264 460 3299; x_wconf 88' lang='lat' dir='ltr'>tu</span> <span class='ocrx_word' id='word_1_633' title='bbox 489 3256 564 3298; x_wconf 86' lang='lat' dir='ltr'>vis.</span> <span class='ocrx_word' id='word_1_634' title='bbox 622 3256 686 3298; x_wconf 92' lang='lat' dir='ltr'>Id.</span> <span class='ocrx_word' id='word_1_635' title='bbox 716 3256 898 3298; x_wconf 88' lang='lat' dir='ltr'>Mostell.</span> <span class='ocrx_word' id='word_1_636' title='bbox 933 3260 966 3310; x_wconf 94' lang='grc'>1,</span> <span class='ocrx_word' id='word_1_637' title='bbox 996 3256 1035 3310; x_wconf 87' lang='grc'>3,</span> <span class='ocrx_word' id='word_1_638' title='bbox 1068 3257 1120 3298; x_wconf 94' lang='grc'>12</span> <span class='ocrx_word' id='word_1_639' title='bbox 1157 3255 1270 3307; x_wconf 84' lang='lat' dir='ltr'>Quin</span> <span class='ocrx_word' id='word_1_640' title='bbox 1307 3262 1353 3297; x_wconf 87' lang='lat' dir='ltr'>tu</span> <span class='ocrx_word' id='word_1_641' title='bbox 1390 3261 1432 3297; x_wconf 89' lang='lat' dir='ltr'>te</span> <span class='ocrx_word' id='word_1_642' title='bbox 1471 3269 1653 3296; x_wconf 88' lang='lat' dir='ltr'>exornas</span> <span class='ocrx_word' id='word_1_643' title='bbox 1681 3255 1871 3296; x_wconf 89' lang='lat' dir='ltr'>moribus</span> <span class='ocrx_word' id='word_1_644' title='bbox 1900 3255 2074 3314; x_wconf 83' lang='lat' dir='ltr'>lepidis,</span> <span class='ocrx_word' id='word_1_645' title='bbox 2119 3272 2248 3314; x_wconf 91' lang='lat' dir='ltr'>quom</span> <span class='ocrx_word' id='word_1_646' title='bbox 2277 3257 2417 3315; x_wconf 90' lang='lat' dir='ltr'>lepida</span> <span class='ocrx_word' id='word_1_647' title='bbox 2444 3264 2533 3300; x_wconf 89' lang='lat' dir='ltr'>tute</span> <span class='ocrx_word' id='word_1_648' title='bbox 2564 3274 2621 3300; x_wconf 92' lang='lat' dir='ltr'>es.</span> 
     </span>
     <span class='ocr_line' id='line_1_44' title="bbox 237 3326 2621 3387; baseline 0.001 -18"><span class='ocrx_word' id='word_1_649' title='bbox 237 3327 325 3370; x_wconf 87' lang='lat' dir='ltr'>Cic.</span> <span class='ocrx_word' id='word_1_650' title='bbox 357 3329 411 3371; x_wconf 81' lang='lat' dir='ltr'>ad</span> <span class='ocrx_word' id='word_1_651' title='bbox 439 3329 629 3371; x_wconf 90' lang='lat' dir='ltr'>Herenn.</span> <span class='ocrx_word' id='word_1_652' title='bbox 658 3330 697 3383; x_wconf 89' lang='lat'>4,</span> <span class='ocrx_word' id='word_1_653' title='bbox 727 3329 782 3370; x_wconf 92' lang='grc'>50</span> <span class='ocrx_word' id='word_1_654' title='bbox 811 3331 837 3382; x_wconf 64' lang='grc' dir='ltr'>ἓ</span> <span class='ocrx_word' id='word_1_655' title='bbox 866 3328 920 3369; x_wconf 88' lang='grc'>63</span> <span class='ocrx_word' id='word_1_656' title='bbox 947 3327 1068 3369; x_wconf 90' lang='lat' dir='ltr'>Bene</span> <span class='ocrx_word' id='word_1_657' title='bbox 1096 3327 1245 3380; x_wconf 82' lang='lat' dir='ltr'>facitis,</span> <span class='ocrx_word' id='word_1_658' title='bbox 1276 3342 1405 3384; x_wconf 91' lang='lat' dir='ltr'>quum</span> <span class='ocrx_word' id='word_1_659' title='bbox 1432 3326 1597 3369; x_wconf 86' lang='lat' dir='ltr'>venitis.</span> <span class='ocrx_word' id='word_1_660' title='bbox 1646 3327 1711 3369; x_wconf 89' lang='lat' dir='ltr'>Id.</span> <span class='ocrx_word' id='word_1_661' title='bbox 1732 3328 1774 3369; x_wconf 88' lang='lat' dir='ltr'>in</span> <span class='ocrx_word' id='word_1_662' title='bbox 1796 3327 1889 3371; x_wconf 89' lang='lat' dir='ltr'>Cat.</span> <span class='ocrx_word' id='word_1_663' title='bbox 1910 3331 1944 3382; x_wconf 92' lang='grc'>1,</span> <span class='ocrx_word' id='word_1_664' title='bbox 1967 3329 1992 3370; x_wconf 84' lang='grc'>8</span> <span class='ocrx_word' id='word_1_665' title='bbox 2023 3332 2049 3383; x_wconf 64' lang='grc' dir='ltr'><strong>ξ</strong></span> <span class='ocrx_word' id='word_1_666' title='bbox 2069 3330 2119 3371; x_wconf 91' lang='grc'>21</span> <span class='ocrx_word' id='word_1_667' title='bbox 2151 3328 2221 3371; x_wconf 93' lang='lat' dir='ltr'>De</span> <span class='ocrx_word' id='word_1_668' title='bbox 2250 3337 2291 3371; x_wconf 91' lang='lat' dir='ltr'>te</span> <span class='ocrx_word' id='word_1_669' title='bbox 2321 3337 2463 3371; x_wconf 90' lang='lat' dir='ltr'>autem</span> <span class='ocrx_word' id='word_1_670' title='bbox 2493 3346 2621 3387; x_wconf 88' lang='lat' dir='ltr'>quum</span> 
     </span>
     <span class='ocr_line' id='line_1_45' title="bbox 238 3398 2622 3458; baseline 0.002 -18"><span class='ocrx_word' id='word_1_671' title='bbox 238 3400 472 3454; x_wconf 89' lang='lat' dir='ltr'>quiescunt,</span> <span class='ocrx_word' id='word_1_672' title='bbox 502 3401 705 3458; x_wconf 89' lang='lat' dir='ltr'>probant,</span> <span class='ocrx_word' id='word_1_673' title='bbox 735 3414 865 3457; x_wconf 91' lang='lat' dir='ltr'>quum</span> <span class='ocrx_word' id='word_1_674' title='bbox 894 3399 1129 3457; x_wconf 90' lang='lat' dir='ltr'>patiuntur,</span> <span class='ocrx_word' id='word_1_675' title='bbox 1160 3398 1414 3451; x_wconf 90' lang='lat' dir='ltr'>decernunt,</span> <span class='ocrx_word' id='word_1_676' title='bbox 1445 3413 1574 3455; x_wconf 90' lang='lat' dir='ltr'>quum</span> <span class='ocrx_word' id='word_1_677' title='bbox 1602 3406 1768 3454; x_wconf 91' lang='lat' dir='ltr'>tacent,</span> <span class='ocrx_word' id='word_1_678' title='bbox 1801 3402 1994 3443; x_wconf 87' lang='lat' dir='ltr'>clamant.</span> <span class='ocrx_word' id='word_1_679' title='bbox 2054 3400 2228 3443; x_wconf 88' lang='lat' dir='ltr'>Terent.</span> <span class='ocrx_word' id='word_1_680' title='bbox 2258 3401 2392 3443; x_wconf 90' lang='lat' dir='ltr'>Andr.</span> <span class='ocrx_word' id='word_1_681' title='bbox 2423 3401 2538 3445; x_wconf 86' lang='lat' dir='ltr'>Prol.</span> <span class='ocrx_word' id='word_1_682' title='bbox 2574 3404 2622 3445; x_wconf 74' lang='lat'>18</span> 
     </span>
    </p>
   </div>
   <div class='ocr_carea' id='block_1_3' title="bbox 2330 3469 2356 3510">
    <p class='ocr_par' dir='ltr' id='par_1_4' title="bbox 2330 3469 2356 3510">
     <span class='ocr_line' id='line_1_46' title="bbox 2330 3469 2356 3510; baseline 0 0"><span class='ocrx_word' id='word_1_683' title='bbox 2330 3469 2356 3510; x_wconf 90' lang='grc'>3</span> 
     </span>
    </p>
   </div>
  </div>
 </body>
</html>
