2865 3772
1383 197 1410 236 3

203 334 309 387 hice,
338 333 483 385 haece,
512 328 632 383 hace,
662 327 769 370 316111
797 326 863 369 (116
891 341 970 385 pro
1000 327 1116 382 dice,
1156 328 1224 371 fac
1252 343 1330 386 pro
1359 330 1466 371 face.
1523 328 1647 371 Haec
1673 329 1776 371 mihi
1802 329 2086 377 consideranti
2115 331 2323 388 simulque
2351 346 2586 389 pronomen

202 404 436 456 relativum,
467 397 594 457 quod,
624 404 671 440 ut
697 398 809 440 infra
837 399 1072 440 accuratius
1102 413 1325 455 exponam,
1352 401 1523 442 omnino
1552 416 1648 442 cum
1668 399 1998 443 demonstrativo
2020 402 2089 444 hic
2108 402 2317 456 convenit,
2346 403 2586 459 respicienti

204 475 377 519 dubium
414 484 501 513 non
541 476 629 525 631,
670 469 772 527 quin
809 469 1094 512 nominativus
1132 485 1230 526 gen.
1266 478 1402 513 neutr.
1440 471 1485 513 in
1521 471 1728 529 principio
1765 470 1920 514 hod-ce
1950 472 2088 527 fuerit,
2116 472 2383 530 respondens
2410 473 2584 516 relativo

205 545 331 605 quod,
361 549 404 586 et
430 540 603 596 deinde,
633 556 763 599 quum
790 541 927 583 hodce
956 540 1180 584 ferendum
1205 557 1292 584 non
1321 549 1454 598 esset,
1487 543 1532 584 in
1559 542 1691 584 hocce
1718 543 1951 597 transierit,
1980 550 2026 586 ut
2054 543 2217 587 adcedo
2247 545 2292 587 in
2321 542 2502 599 acced0,
2543 551 2586 587 et

202 621 431 675 postremo,
461 627 485 655 6
515 612 696 669 abjecto,
725 612 768 654 in
797 613 903 654 hocc
930 612 999 654 vel
1027 613 1168 670 potius
1196 613 1298 667 1166,
1333 614 1533 671 quoniam
1559 614 1602 656 in
1630 614 1714 657 fine
1741 614 2044 657 vocabulorum
2073 616 2224 658 eadem
2252 630 2492 658 consonans
2519 615 2585 657 bis

203 686 304 747 poni
330 699 418 727 non
445 684 594 741 potuit.
663 683 731 726 Ita
774 684 896 726 simul
934 699 1062 727 causa
1099 690 1298 742 apparet,
1337 699 1468 742 quare
1504 686 1586 727 hoc
1623 685 1799 743 longum
1827 685 1983 728 habeat
2011 701 2049 728 o.
2118 686 2200 729 Est
2239 693 2380 729 autem
2422 685 2585 741 eadem,

205 772 313 816 quae
342 771 402 810 es,
430 756 667 813 profectum
696 770 751 797 ex
779 755 867 810 eds,
899 771 980 809 ess,
1012 756 1224 813 produxit.
1280 756 1351 799 Ex
1380 772 1465 814 qua
1492 756 1812 799 ratiocinatione
1843 758 2033 815 sequitur
2063 758 2200 813 etiam,
2232 766 2291 812 ut,
2321 773 2451 816 quum
2479 758 2586 813 hice,

204 830 334 872 haece
362 842 448 870 uno
479 843 513 882 c,
542 828 673 870 hocce
701 834 845 870 tamen
874 827 1029 885 duplici
1058 827 1327 871 scribendum
1356 829 1420 871 sit.
1441 829 1483 886 ²¹²)
1555 827 1684 881 Quod
1710 835 1851 871 autem
1890 828 1943 871 de
1983 829 2064 872 hoc
2101 829 2208 883 dixi,
2245 830 2358 872 idem
2393 830 2508 872 valet
2542 830 2587 872 in

203 901 309 943 istoc
335 900 464 954 istuc,
502 900 599 942 illoc
626 900 744 954 illuc,
775 914 884 957 quae
911 906 1055 942 tamen
1082 900 1197 942 nullo
1225 899 1352 942 modo
1382 915 1436 944 ex
1463 901 1576 943 istud
1605 901 1709 955 hoc,
1748 900 1850 942 illud
1878 900 1980 955 hoc,
2021 901 2118 955 sed,
2157 908 2204 943 ut
2230 902 2311 944 hoc
2333 917 2387 944 ex
2416 901 2585 955 hod-ce,

202 973 262 1014 ita
287 987 341 1013 ex
368 971 548 1014 istod-ce
574 972 769 1026 istud-ce,
798 971 968 1014 illod-ce
995 971 1166 1014 illud-ce
1194 978 1296 1014 nata
1324 979 1431 1015 sunt.
1499 972 1601 1015 Istic
1638 973 1751 1014 enim
1789 979 1831 1014 61
1858 972 1941 1014 illic
1970 973 2202 1030 composita
2231 980 2327 1015 sunt
2354 988 2407 1016 ex
2434 973 2513 1015 iste
2544 980 2587 1015 et

204 1058 265 1096 ce,
294 1042 364 1084 ille
394 1048 437 1084 et
465 1057 527 1096 66,
555 1043 685 1085 131666
715 1049 856 1085 autem
885 1049 928 1085 et
954 1043 1074 1085 illece
1104 1042 1255 1085 eadem
1281 1043 1378 1100 lege
1406 1043 1449 1086 in
1476 1044 1608 1098 istice,
1636 1044 1745 1086 illice
1765 1050 1927 1085 mutata
1947 1051 2054 1098 sunt,
2085 1059 2171 1101 qua
2190 1044 2338 1086 hicene
2362 1045 2405 1086 in
2434 1045 2584 1098 hicine,

202 1112 402 1170 undeque
430 1113 473 1156 in
500 1113 709 1171 undique,
746 1113 945 1157 indedem
980 1114 1023 1155 in
1051 1113 1262 1169 indidem,
1305 1120 1455 1172 postea
1493 1115 1633 1168 istice‚
1671 1115 1801 1169 illice,
1845 1129 1955 1172 quae
1982 1115 2146 1156 formae
2176 1115 2405 1170 antiquitus
2433 1116 2476 1156 in
2504 1130 2584 1156 usu

203 1184 373 1227 fuerunt
400 1184 472 1241 (cf.
501 1184 631 1227 istace
661 1185 774 1242 apud
804 1184 897 1228 Cat.
927 1185 979 1227 R.
1010 1185 1063 1227 R.
1095 1201 1129 1227 6.
1162 1185 1259 1242 132)
1290 1200 1313 1227 6
1344 1185 1591 1242 abjecerunt
1619 1187 1807 1228 similiter
1835 1193 1962 1244 atque
1990 1186 2097 1228 hice.

335 1255 443 1299 Jure
484 1256 614 1313 igitur
654 1256 864 1299 affirmare
907 1271 1105 1314 possum,
1148 1257 1308 1298 nullum
1349 1272 1584 1315 pronomen
1624 1258 1880 1314 primitivum
1926 1273 2020 1299 esse
2033 1291 2044 1311 ,
2086 1258 2175 1299 sive
2217 1258 2440 1300 relativum
2497 1258 2585 1300 sive

205 1326 594 1381 demonstrativum,
621 1329 741 1384 cujus
769 1329 1053 1369 nominativus
1082 1335 1124 1369 et
1153 1328 1417 1370 accusativus
1446 1344 1544 1384 gen.
1573 1335 1709 1370 neutr.
1737 1329 1807 1370 illo
1838 1329 1865 1370 d
1895 1336 2047 1371 careat.
2104 1327 2260 1385 Neque
2295 1328 2426 1385 igitur
2454 1342 2584 1385 quum

203 1398 316 1439 hunc
342 1398 482 1440 locum
512 1413 720 1455 occupare
748 1400 914 1455 poterit.
971 1398 1122 1455 Itaque
1151 1399 1254 1441 nihil
1285 1398 1398 1441 aliud
1426 1399 1696 1456 relinquitur,
1734 1414 1861 1456 quam
1888 1407 1934 1441 ut
1962 1399 2245 1442 accusativum
2274 1399 2445 1456 generis
2473 1413 2582 1442 mas-

205 1470 329 1512 culini
355 1470 399 1512 id
428 1485 523 1513 esse
553 1476 797 1513 statuamus.
868 1470 990 1513 Idem
1018 1471 1108 1512 vult
1132 1486 1369 1528 pronomen
1396 1471 1641 1526 relativum,
1672 1471 1787 1528 quod
1814 1471 1857 1513 in
1888 1471 2081 1513 omnibus
2109 1471 2264 1513 formis·
2286 1486 2380 1513 cum
2409 1470 2582 1513 demon-

203 1542 376 1584 strativo
404 1542 472 1584 hic
501 1542 707 1600 congruit.
763 1541 906 1598 Hujus
935 1549 1075 1585 autem
1103 1542 1365 1585 accusativus
1395 1559 1491 1600 gen.
1521 1559 1650 1586 masc.
1681 1543 1970 1601 antiquissimo
2006 1550 2198 1600 tempore
2233 1542 2311 1585 fuit
2347 1543 2474 1585 hon—c
2500 1556 2580 1599 pro

201 1614 346 1656 hom-c
373 1613 501 1671 idque
531 1621 669 1657 exstat
692 1614 736 1656 in
775 1614 906 1657 altero
935 1613 1181 1672 Scipionum
1215 1614 1335 1657 titulo
1374 1614 1598 1673 sepulcrali
1628 1614 1810 1671 (Ritschl
1841 1614 1950 1658 Tab.
1979 1615 2066 1672 28).
2140 1613 2419 1672 Respondent
2453 1613 2581 1670 igitur

201 1687 311 1727 inter
340 1701 385 1727 se
415 1701 544 1742 quom
574 1693 616 1728 et
644 1686 754 1727 hone
781 1686 807 1728 i.
837 1703 872 1729 6.
902 1686 1064 1740 116111-6,
1107 1702 1236 1743 quum
1274 1694 1316 1729 et
1352 1687 1482 1729 hun-c
1510 1687 1535 1729 i.
1568 1702 1603 1730 e.
1634 1687 1778 1729 hum-c
1816 1693 1858 1730 et
1894 1687 1974 1729 hac
2012 1687 2101 1728 sola
2129 1701 2175 1728 re
2206 1685 2425 1739 differunt,
2467 1685 2580 1743 quod

202 1758 379 1799 alterum
408 1757 493 1799 vim
523 1756 750 1800 accusativi
779 1756 982 1812 servavit,
999 1766 1002 1771 ’
1021 1757 1198 1801 alterum
1237 1757 1280 1800 in
1317 1757 1506 1801 adverbii
1543 1772 1667 1800 usum
1705 1758 1871 1800 transiit
1906 1758 2049 1814 itaque
2086 1757 2199 1797 viam
2229 1757 2393 1814 aperuit
2418 1757 2580 1798 formae

202 1843 341 1884 quem,
373 1843 482 1885 quae
511 1843 597 1871 una
626 1828 728 1870 nihil
758 1828 891 1871 simile
919 1829 962 1871 in
994 1829 1244 1886 pronomine
1282 1829 1612 1870 demonstrativo
1651 1829 1720 1870 hic
1747 1830 1906 1871 habere
1935 1830 2115 1870 videtur.
2185 1830 2266 1882 At,
2305 1829 2385 1869 nisi
2418 1829 2579 1870 animus

199 1914 268 1942 me
296 1899 414 1953 fallit,
443 1900 554 1942 hanc
580 1901 776 1942 lacunam
805 1900 947 1958 explet
974 1900 1211 1957 interjectio
1242 1900 1572 1942 demonstrativa
1608 1900 1705 1942 hem
1741 1900 1864 1956 eique
1894 1900 2062 1941 vindico
2094 1914 2266 1941 sensum
2298 1898 2484 1941 adverbii
2512 1898 2580 1940 hic

201 1970 323 2026 (hier,
348 1971 468 2027 jetzt,
496 1970 627 2029 nun),
669 1970 852 2014 eundem
880 1986 1007 2030 quem
1036 1971 1381 2029 francogallicum
1410 1974 1461 2027 ca
1489 1970 1618 2013 habet
1646 1977 1688 2013 et
1713 1970 1840 2012 etiam
1867 1977 2060 2012 nostrum
2091 1970 2169 2024 da,
2212 1970 2326 2028 quod
2364 1977 2405 2012 61
2441 1970 2578 2026 ipsum

199 2041 326 2084 modo
357 2041 605 2084 adverbium
633 2042 761 2083 modo
789 2042 1025 2099 interjectio
1055 2048 1131 2084 est.
1190 2041 1335 2084 Simile
1365 2049 1429 2083 est
1457 2057 1536 2095 em,
1565 2049 1757 2083 vetustus
1785 2042 2050 2083 accusativus
2078 2041 2337 2097 pronominis
2364 2041 2422 2094 is,
2452 2056 2577 2097 quem

198 2111 355 2154 Festus
383 2114 444 2170 (p.
474 2113 539 2167 76,
571 2113 621 2154 77
652 2113 717 2155 ed.
746 2111 887 2169 Miill.)
916 2128 1002 2154 non
1030 2113 1158 2155 modo
1187 2128 1265 2170 pro
1296 2128 1416 2166 eum,
1461 2112 1536 2154 sed
1580 2112 1706 2154 etiam
1744 2128 1822 2169 pro
1860 2119 1950 2155 tum
1985 2119 2233 2168 usurpatum
2271 2111 2398 2153 fuisse
2438 2110 2576 2154 tradit.

197 2182 251 2225 Id
280 2184 478 2226 convenit
506 2184 632 2227 etiam
658 2184 701 2225 in
730 2184 905 2226 alteram
943 2184 1069 2240 hujus
1111 2184 1338 2227 accusativi
1376 2184 1554 2226 formam
1591 2183 1671 2238 im,
1714 2199 1826 2242 quae
1872 2190 1938 2226 631
1973 2183 2015 2226 111
2052 2182 2235 2226 inter-im
2271 2181 2342 2239 (cf.
2370 2181 2576 2239 inter-ibi)

198 2270 394 2312 quaeque
422 2256 465 2297 in
494 2256 640 2312 lingua
669 2255 796 2310 Osca,
825 2255 898 2297 ubi
929 2271 983 2298 ex
1010 2256 1067 2298 im
1095 2256 1252 2299 factum
1282 2262 1346 2298 631
1372 2255 1415 2297 111
1444 2253 1704 2311 (Mommsen
1724 2254 1826 2298 Osc.
1853 2253 1973 2298 Stud.
2003 2270 2043 2312 p.
2063 2255 2150 2311 43),
2179 2268 2264 2296 non
2292 2253 2418 2295 modo
2447 2253 2576 2311 signi·

197 2326 296 2370 ficat
324 2343 434 2381 eum,
465 2327 540 2370 sed
569 2328 695 2370 etiam
726 2334 787 2382 et,
828 2327 1023 2385 proprie,
1063 2333 1110 2370 ut
1136 2327 1238 2369 mihi
1266 2326 1445 2381 videtur,
1474 2332 1565 2371 tun
1594 2326 1667 2384 (ef.
1696 2334 1786 2369 tum
1814 2352 1870 2358 —
1896 2333 1984 2369 tum
2013 2340 2091 2383 pro
2121 2332 2163 2367 61
2189 2350 2244 2356 —-—
2272 2325 2345 2381 61).
2404 2323 2451 2367 Si
2482 2325 2577 2383 quis

198 2405 339 2441 autem
365 2399 469 2442 mihi
497 2399 691 2456 objiciat,
730 2413 857 2456 quem
886 2405 928 2440 et
957 2413 1025 2441 em
1055 2414 1100 2441 se
1129 2398 1343 2457 applicare
1373 2398 1428 2441 ad
1457 2399 1741 2441 nominativos
1771 2399 1864 2456 quis
1895 2405 1936 2440 61
1963 2398 2016 2450 13,
2053 2411 2193 2453 neque
2220 2403 2363 2438 tamen
2391 2396 2491 2438 hem
2521 2395 2577 2438 ad

196 2470 502 2512 nominativum
530 2469 608 2523 his,
638 2471 677 2512 ei
707 2469 893 2511 concedo
903 2501 915 2523 ,
944 2469 1124 2511 formam
1152 2470 1265 2511 illam
1286 2470 1458 2526 quidem
1476 2485 1564 2512 non
1582 2470 1811 2527 repperiri,
1843 2469 1916 2511 sed
1945 2475 2009 2511 est
2037 2468 2314 2523 conjicienda.
2371 2466 2577 2510 Nomina-

194 2541 328 2583 tivum
356 2540 422 2584 his
451 2540 563 2584 enim
590 2541 777 2598 postulat
804 2540 950 2595 hibus,
995 2539 1066 2598 qui
1096 2539 1263 2582 dativus
1292 2546 1358 2583 est
1385 2541 1500 2598 apud
1527 2541 1727 2583 Plautum
1756 2540 1878 2582 Curc.
1908 2539 1989 2581 506
2017 2539 2088 2595 (cf.
2117 2538 2257 2580 Varro
2286 2539 2340 2580 L.
2370 2539 2422 2580 L.
2453 2539 2492 2593 8,
2521 2539 2577 2581 38

196 2612 275 2668 723
303 2612 429 2655 Neue
456 2612 554 2655 Lat.
579 2612 794 2655 Formenl.
824 2613 863 2667 2,
895 2612 1017 2667 150)·,
1059 2612 1246 2670 postulat
1284 2612 1411 2655 etiam
1449 2627 1685 2669 pronomen
1713 2610 1932 2654 relativum
1962 2616 2004 2652 61
2030 2609 2410 2666 interrogativum,
2455 2610 2578 2667 cujus

194 2684 453 2726 nominativo
484 2687 592 2741 quis,
622 2688 697 2741 qui
724 2684 957 2741 respondet
983 2684 1064 2738 h‘fs,
1094 2683 1196 2738 111-6,
1227 2683 1344 2741 quod
1374 2690 1440 2727 est
1467 2699 1545 2741 pro
1564 2684 1671 2726 his-c
1700 2690 1741 2725 61
1762 2682 1951 2724 vocalem
1979 2681 2230 2739 productam
2250 2681 2381 2724 habet
2402 2689 2580 2739 propter

196 2770 216 2797 s
244 2755 458 2810 amissum,
488 2755 595 2798 sicut
623 2758 699 2811 qui
729 2761 771 2798 61
798 2755 926 2797 idem.
983 2754 1107 2797 Haec
1137 2755 1171 2796 si
1198 2762 1314 2798 recte
1344 2755 1556 2812 disputata
1585 2760 1697 2806 sunt,
1737 2753 1822 2793 hi-c
1862 2758 1904 2793 61
1932 2752 2003 2808 qui
2032 2751 2205 2794 easdem
2235 2753 2465 2794 accusativi
2493 2753 2577 2794 for-

193 2842 286 2869 mas
315 2832 576 2884 genuerunt,
605 2825 755 2881 hon-c,
791 2826 946 2882 hun-c,
985 2826 1105 2883 hem3
1135 2840 1282 2885 quom,
1311 2840 1463 2885 quum,
1492 2838 1629 2883 quem,
1660 2837 1769 2881 quae
1798 2830 1941 2864 tamen
1970 2821 2132 2864 formae
2162 2822 2332 2866 diverse
2362 2823 2574 2865 adhibitae

195 2904 304 2941 sunt.

327 2968 501 3022 Quanta
527 2969 581 3013 sit
609 2969 833 3013 similitudo
864 2969 1155 3012 declinationis
1183 2969 1479 3028 pronominum
1507 2967 1593 3008 hi-c
1622 2972 1664 3008 et
1692 2966 1786 3023 qui,
1816 2965 1956 3007 demto
1986 2965 2057 3008 illo
2089 2982 2112 3007 c
2143 2966 2493 3020 demonstrativo,
2532 2972 2575 3008 et

187 3040 359 3095 Juvabit
385 3041 517 3083 oculis
546 3055 720 3083 cernere
750 3047 792 3083 61
819 3041 880 3083 rei
908 3041 1012 3097 ipsi,
1056 3041 1110 3083 de
1141 3055 1226 3098 qua
1253 3040 1321 3082 hic
1349 3039 1509 3096 agitur,
1540 3037 1760 3079 commodo
1789 3037 1879 3078 erit.
1947 3035 2088 3088 Quam
2133 3038 2188 3081 ob
2228 3054 2319 3081 rem
2355 3039 2571 3094 utriusque

192 3111 454 3167 pronominis
484 3111 673 3169 singulos
702 3126 826 3153 casus
855 3111 1083 3153 conferam.

329 3358 363 3402 *)
389 3360 490 3401 Quod
515 3362 549 3394 in
574 3361 653 3394 Sen.
678 3361 783 3394 Cons.
808 3359 850 3392 de
864 3357 1099 3391 Bacanalibus
1123 3357 1211 3390 hoce
1236 3358 1294 3397 (cf.
1320 3357 1504 3401 Goettling
1532 3358 1571 3390 15
1596 3356 1695 3389 Rom.
1719 3356 1805 3390 Urk.
1831 3369 1865 3401 p.
1892 3358 1954 3400 28,
1978 3367 2068 3389 vers.
2096 3359 2154 3398 26)
2178 3366 2247 3389 uno
2272 3365 2291 3388 6
2313 3356 2481 3398 scriptum
2506 3361 2571 3397 661,

193 3417 384 3449 sententiae
409 3428 505 3450 meae
531 3430 600 3451 non
625 3421 805 3461 repugnat.
855 3417 991 3449 Etenim
1014 3416 1049 3448 in
1075 3415 1137 3448 illo
1164 3415 1277 3448 edicto
1301 3413 1399 3448 nulla
1423 3414 1564 3448 omnino
1588 3413 1692 3447 litera
1715 3414 1893 3458 geminata
1915 3418 1979 3448 est.

2240 3466 2303 3506 1*
