2865 3772
1387 193 1438 236 16

219 322 396 365 alteram
424 323 623 365 continuo
652 323 854 380 sequitur.
913 323 1043 366 Corn.
1072 323 1186 381 Nep.
1216 324 1366 382 Pelop.
1396 325 1424 366 2
1463 323 1607 376 Quum
1644 331 1813 381 tempus
1851 331 1917 367 est
1948 326 2087 369 visum
2116 330 2178 371 rei
2213 330 2450 387 gerendae,
2490 343 2601 370 com-

217 393 401 436 muniter
438 409 532 436 cum
570 394 642 447 iis,
688 393 760 450 qui
789 393 952 436 Thebis
990 394 1103 436 idem
1143 395 1405 449 sentiebant,
1443 396 1554 438 diem
1583 395 1834 453 delegerunt
1861 396 1918 439 ad
1944 396 2137 442 inimicos
2166 401 2479 459 opprimendos.
2535 399 2600 443 Id.

217 462 374 520 Iphicr.
400 464 428 506 2
464 463 607 514 Quum
634 464 898 506 Artaxerxes
926 464 1146 521 Aegyptio
1184 467 1278 522 regi
1313 467 1471 510 bellum
1508 468 1664 509 inferre
1701 467 1859 521 voluit,
1899 466 2160 524 Iphicratem
2189 472 2243 515 ab
2271 472 2602 515 Atheniensibus

217 533 369 591 petivit
396 534 558 577 ducem.
614 533 679 576 Id.
708 534 810 577 Dat.
841 535 891 577 11
920 534 973 577 Id
1003 551 1134 593 quum
1164 536 1267 579 satis
1291 552 1336 580 se
1357 537 1628 580 confirmasse
1649 537 1874 581 arbitratus
1896 544 1973 592 est,
2003 540 2226 585 certiorem
2243 543 2344 586 facit
2362 543 2601 596 Datamem,

216 610 387 663 tempus
424 620 518 649 esse
560 605 746 662 majores
776 605 988 649 exercitus
1016 608 1170 665 parari.
1228 607 1317 652 Cic.
1344 608 1396 651 de.
1425 607 1462 651 F
1464 608 1520 650 in.
1549 609 1599 662 5,
1629 609 1685 652 30
1721 611 1747 663 ξ
1776 609 1831 652 92
1871 608 1994 666 Ergo
2036 609 2286 668 Polycrates
2332 614 2477 657 infelix
2517 628 2603 657 una

218 676 423 731 molestia,
451 675 553 719 felix
579 691 726 720 rursus
756 677 833 735 (sc.
862 678 975 735 fuit),
1005 694 1136 736 quum
1164 680 1200 723 is
1228 680 1320 737 ipse
1341 679 1490 723 anulus
1509 679 1552 722 in
1571 680 1832 736 praecordiis
1854 680 1982 737 piscis
2008 680 2207 726 inventus
2236 685 2335 728 est‘?
2389 685 2441 727 In
2470 684 2601 727 omni-

217 748 299 792 bus
326 748 416 791 istis
443 748 547 792 locis
576 764 707 806 quum
734 748 848 793 idem
875 750 1014 805 valet,
1058 751 1172 808 quod
1212 767 1340 808 quum
1376 750 1583 808 primum,
1629 751 1701 807 qui
1743 766 1893 794 sensus
1932 751 2036 795 alias
2067 767 2238 811 quoque
2266 755 2376 799 inest
2401 756 2444 799 in
2472 770 2601 813 quum

220 819 292 878 (cf.
320 818 493 864 Ferdin.
539 818 712 864 Schultz
749 818 941 865 Gramm.
985 824 1013 877 ξ
1041 822 1137 878 327,
1174 822 1227 878 2;
1268 822 1373 877 36Ο;
1415 821 1592 879 Krilger
1629 820 1820 866 Gramm.
1860 824 1887 877 ἓ
1915 823 2030 880 623).
2114 823 2270 884 Neque
2315 827 2396 871 hoc
2436 827 2599 882 mirum,

221 892 565 951 quandoquidem
595 899 761 936 ceterae
789 893 916 951 hujus
947 909 1096 937 sensus
1124 894 1367 952 particulae,
1399 894 1520 937 simul
1550 911 1622 949 ac,
1652 901 1709 949 ut,
1738 895 1823 949 ubi,
1853 894 1966 938 idem
1996 895 2255 952 significant,
2295 899 2383 942 sive
2421 900 2599 957 primum

220 964 341 1007 adest
369 965 458 1007 sive
488 964 621 1007 deest.

601 1133 648 1189 2)
701 1134 772 1174 De
803 1148 931 1190 quum
958 1133 1181 1189 temporali
1212 1147 1277 1186 eo,
1309 1134 1423 1189 quod
1452 1133 1634 1190 pertinet
1663 1132 1716 1174 ad
1743 1133 1953 1175 actionem
1980 1135 2217 1190 repetitam.

352 1233 405 1275 Id
441 1248 520 1276 nos
555 1248 723 1290 semper
757 1232 1053 1289 conjunctione
1090 1247 1216 1275 wenn
1253 1232 1483 1275 reddimus.
1552 1232 1604 1274 In
1641 1232 1788 1290 lingua
1821 1232 1953 1276 latina
1990 1248 2085 1275 cum
2123 1235 2317 1278 omnibus
2341 1218 2599 1295 temporibus

220 1306 473 1349 construitur
500 1305 694 1362 regitque
722 1305 1009 1348 indicativum.
1066 1303 1372 1362 Imperfectum
1399 1311 1543 1346 tamen
1573 1311 1615 1346 et
1641 1305 2105 1363 plusquamperfectum
2136 1306 2258 1349 simul
2287 1308 2598 1365 conjunctivum

218 1377 442 1420 admittunt
468 1376 589 1433 isque
617 1377 687 1419 vel
714 1376 830 1433 apud
859 1376 1043 1433 optimos
1071 1376 1299 1432 scriptores
1327 1376 1551 1418 invenitur.
1606 1375 1695 1418 Ubi
1723 1377 1959 1433 perfectum
1979 1384 2170 1434 apparet,
2200 1378 2244 1420 in
2274 1379 2407 1421 altera
2435 1386 2598 1422 senten·

216 1448 274 1490 tia
301 1462 507 1506 praesens
535 1453 611 1491 est.
662 1446 751 1491 Cic.
770 1462 849 1505 pro
876 1447 1006 1490 Rosc.
1026 1448 1173 1490 Amer.
1202 1448 1255 1490 37
1286 1450 1313 1501 ἓ
1346 1449 1424 1490 105
1453 1446 1621 1502 Soletis,
1652 1463 1781 1505 quum
1801 1448 1960 1506 aliquid
1989 1447 2281 1505 hujuscemodi
2309 1451 2473 1505 auditis,
2504 1465 2599 1492 con-

213 1518 330 1562 tinuo
361 1519 502 1563 dicere
531 1526 611 1563 etc.
667 1519 733 1563 Id.
762 1519 847 1578 Ep.
878 1520 934 1563 ad
962 1520 1050 1563 Att.
1080 1520 1119 1574 9,
1149 1520 1175 1562 6
1205 1522 1231 1574 ξ
1260 1520 1287 1563 5
1315 1519 1405 1562 Eas
1434 1519 1672 1577 (epistolas)
1703 1534 1832 1577 quum
1860 1520 1972 1577 lego,
2001 1520 2140 1562 minus
2168 1521 2270 1563 mihi
2287 1522 2421 1579 turpis
2441 1522 2599 1577 videor,

215 1591 292 1635 sed
318 1599 406 1635 tam
436 1592 521 1646 diu,
551 1592 652 1635 dum
680 1592 793 1649 lego.
849 1591 914 1634 Id.
944 1591 1072 1634 Tusc.
1105 1590 1280 1643 Quaest.
1313 1593 1348 1645 1,
1383 1593 1430 1633 11
1462 1594 1488 1645 ξ
1517 1592 1573 1633 24
1599 1592 1715 1634 Dum
1744 1593 1855 1649 lego,
1886 1592 2105 1647 assentior,
2140 1608 2269 1650 quum
2298 1594 2421 1651 posui
2450 1594 2600 1637 librum

215 1671 258 1707 et
283 1679 451 1707 mecum
478 1664 572 1722 ipso
603 1663 657 1707 de
684 1663 997 1706 immortalitate
1017 1664 1252 1706 animorum
1273 1663 1395 1720 coepi
1415 1663 1615 1719 cogitare,
1645 1664 1834 1706 assensio
1855 1664 1990 1706 omnis
2011 1664 2083 1706 illa
2102 1664 2293 1707 elabitur.
2350 1665 2414 1707 Id.
2434 1665 2553 1708 Brut.
2572 1667 2600 1708 4

215 1737 242 1788 ξ
274 1735 326 1777 16
363 1736 507 1793 Ager,
549 1751 679 1793 quum
715 1735 870 1777 multos
907 1750 1041 1777 annos
1084 1734 1266 1791 quievit,
1310 1733 1529 1776 uberiores
1570 1734 1681 1776 ferre
1724 1734 1872 1790 fruges
1901 1735 2020 1776 solet.
2077 1734 2142 1776 Id.
2173 1735 2225 1776 de
2255 1735 2340 1778 Off.
2369 1736 2408 1789 2,
2438 1736 2464 1777 6
2492 1738 2517 1789 ἓ
2549 1737 2600 1778 19

216 1804 360 1857 Quum
388 1806 560 1855 fortuna
586 1806 764 1861 reflavit,
794 1805 1033 1863 affligimur.
1090 1805 1154 1847 Id.
1175 1805 1228 1848 de
1248 1805 1393 1847 Divin.
1413 1805 1452 1858 2,
1480 1805 1519 1858 9,
1548 1805 1604 1847 24
1632 1803 1748 1856 Quid
1777 1811 1841 1848 est
1870 1805 1983 1862 quod
2012 1821 2080 1848 me
2110 1806 2315 1862 adjuvent
2341 1807 2598 1863 haruspices,

215 1892 345 1934 quum
374 1892 444 1920 res
472 1876 733 1920 tristissimas
761 1876 958 1934 portendi
988 1875 1217 1919 dixerunt?
1273 1876 1338 1919 Id.
1361 1876 1415 1919 ad
1434 1875 1555 1919 Fam.
1580 1876 1619 1929 9,
1648 1877 1699 1918 14
1728 1878 1754 1929 ξ
1779 1877 1800 1918 1
1831 1876 2058 1919 Neminem
2089 1877 2280 1931 conveni,
2310 1877 2411 1933 quin
2441 1892 2598 1932 omnes,

214 1962 345 2006 quum
372 1955 415 1990 te
445 1948 620 1989 summis
647 1948 843 1990 laudibus
872 1948 927 1990 ad
956 1948 1120 1989 coelum
1150 1948 1404 2000 extulerunt,
1430 1947 1532 1988 mihi
1562 1947 1760 1989 continuo
1781 1948 1987 1989 maximas
2012 1948 2172 2004 gratias
2199 1954 2339 2004 agant.
2369 1948 2463 1989 Liv.
2486 1949 2551 2001 22,
2571 1949 2598 1991 9

212 2019 420 2074 Pervicit‚
459 2027 524 2075 ut,
564 2020 679 2078 quod
714 2035 801 2062 non
837 2019 971 2062 ferme
1010 2020 1270 2073 decernitur,
1310 2019 1391 2061 nisi
1429 2035 1557 2077 quum
1595 2025 1732 2061 taetra
1759 2018 1956 2076 prodigia
1986 2020 2177 2062 nuntiata
2207 2025 2328 2073 sunt,
2372 2019 2598 2062 decemviri

212 2093 343 2134 libros
373 2091 603 2149 Sibyllinos
633 2093 749 2134 adire
773 2093 1040 2148 juberentur.
1099 2091 1224 2134 Caes.
1254 2091 1306 2133 B.
1339 2089 1394 2133 G.
1423 2092 1462 2144 ὃ,
1491 2092 1542 2132 21
1584 2090 1803 2148 Oppidum
1841 2099 1982 2133 autem
2018 2090 2214 2133 Britanni
2251 2098 2426 2143 vocant,
2469 2107 2597 2147 quum

215 2164 342 2206 silvas
383 2163 607 2221 impeditas
649 2164 760 2205 vallo
803 2169 931 2220 atque
971 2163 1088 2204 fossa
1132 2162 1387 2204 munierunt.
1446 2160 1535 2204 Cic.
1575 2161 1702 2204 Tusc.
1733 2160 1908 2213 Quaest.
1941 2163 1977 2216 1,
2009 2163 2060 2204 19
2098 2165 2124 2215 ξ
2152 2163 2209 2204 44
2245 2161 2444 2204 Profecto
2484 2162 2597 2204 beati

214 2234 394 2288 erimus,
435 2249 564 2291 quum
594 2235 841 2292 corporibus
877 2235 1034 2276 relictis
1064 2241 1106 2275 et
1136 2234 1413 2291 cupiditatum
1444 2240 1486 2274 et
1515 2233 1842 2275 aemulationum
1871 2234 2027 2275 erimus
2057 2240 2268 2290 expertes.
2325 2232 2389 2273 Id.
2420 2232 2472 2274 de
2500 2232 2594 2275 Fin.

214 2308 251 2361 1,
283 2307 335 2349 19
365 2308 391 2360 ξ
422 2306 476 2349 63
514 2306 657 2350 Etiam
692 2307 846 2349 morati
881 2307 1032 2348 melius
1070 2306 1245 2360 erimus,
1286 2320 1417 2363 quum
1446 2304 1734 2359 didicerimus,
1774 2304 1876 2362 quid
1904 2311 2056 2347 natura
2085 2304 2309 2348 desideret.
2366 2303 2430 2345 Id.
2460 2304 2594 2346 Acad.

212 2375 390 2429 Quaest.
422 2379 459 2432 1,
488 2378 516 2419 3
545 2381 571 2432 ἓ
602 2380 651 2421 11
681 2379 804 2421 Haec
831 2392 886 2421 ne
915 2379 1244 2432 obsolescerent,
1274 2376 1549 2430 renovabam,
1579 2391 1708 2434 quum
1736 2377 1903 2430 licebat,
1931 2376 2130 2434 legendo.
2189 2375 2314 2418 Caes.
2334 2375 2386 2416 B.
2408 2374 2463 2417 G.
2483 2376 2522 2428 5,
2542 2375 2597 2417 35

212 2448 356 2502 Quum
394 2451 621 2508 quaepiam
658 2451 809 2493 cohors
847 2465 901 2493 ex
939 2451 1041 2492 orbe
1072 2456 1315 2492 excesserat
1343 2455 1471 2506 atque
1500 2449 1704 2506 impetum
1731 2448 1910 2503 fecerat,
1948 2449 2093 2490 hostes
2121 2447 2385 2489 velocissime
2414 2446 2595 2503 refugie-

210 2524 327 2567 bant.
382 2522 492 2566 Ibid.
522 2522 710 2575 Rursus,
741 2538 869 2579 quum
897 2524 941 2565 in
971 2538 1067 2565 eum
1096 2523 1257 2575 locum,
1286 2521 1400 2563 unde
1430 2527 1551 2562 erant
1578 2521 1759 2577 egressi,
1788 2521 1945 2563 reverti
1973 2528 2224 2578 coeperant,
2270 2526 2313 2561 et
2339 2518 2393 2561 ab
2420 2518 2495 2572 iis,
2525 2519 2596 2576 qui

212 2603 428 2639 cesserant
469 2602 513 2638 et
551 2596 606 2639 ab
645 2595 696 2637 iis
738 2595 810 2652 qui
850 2596 1032 2652 proximi
1075 2600 1305 2647 steterant,
1350 2592 1797 2635 circumveniebantur.
1869 2591 1978 2635 Ibid.
2009 2592 2047 2647 7,
2087 2593 2139 2635 16
2174 2591 2428 2649 Dispersos,
2468 2605 2596 2647 quum

210 2669 380 2726 longius
406 2667 649 2712 necessario
686 2667 988 2725 procederent,
1026 2666 1310 2710 adoriebatur.
1367 2663 1477 2707 Ibid.
1507 2663 1545 2717 3,
1578 2664 1630 2707 12
1672 2664 1811 2707 Erant
1839 2663 2049 2721 ejusmodi
2076 2664 2167 2706 fere
2198 2663 2301 2705 situs
2330 2660 2595 2719 oppidormn,

209 2748 257 2784 ut
283 2741 423 2798 posita
448 2742 492 2784 in
521 2740 722 2784 extremis
751 2739 922 2797 lingulis
949 2737 1336 2797 promuntoriisque
1364 2750 1506 2793 neque
1535 2735 1716 2792 pedibus
1744 2735 1904 2778 aditum
1932 2736 2141 2779 haberent
2152 2768 2165 2790 ,
2194 2748 2324 2793 quum
2353 2748 2407 2775 ex
2435 2733 2518 2774 alto
2549 2747 2594 2775 se

210 2821 354 2858 aestus
381 2813 641 2856 incitavisset
666 2846 675 2855 .
706 2846 716 2855 .
748 2845 757 2854 .
787 2825 928 2870 neque
954 2810 1145 2853 navibus.
1203 2808 1293 2853 Cic.
1322 2808 1366 2851 in
1394 2807 1519 2850 Verr.
1546 2808 1585 2861 4,
1614 2808 1670 2849 20
1697 2810 1723 2861 ξ
1751 2809 1807 2850 44
1843 2807 1985 2851 Licuit
2020 2823 2149 2866 posse
2179 2805 2419 2849 domesticis
2449 2804 2593 2862 copiis,

210 2901 342 2945 quum
370 2886 663 2943 magistratum
690 2892 764 2928 aut
791 2883 977 2940 aliquem
1006 2882 1267 2939 superiorem
1295 2880 1537 2932 invitasset,
1574 2893 1726 2921 ornare
1756 2886 1798 2921 et
1827 2895 2036 2937 apparare
2065 2879 2305 2922 convivium
2335 2877 2406 2933 (cf.
2436 2891 2477 2933 p.
2510 2876 2592 2932 13).

207 2958 342 3001 Plura
387 2959 584 3015 exempla
624 2956 880 3014 conjunctivi
923 2953 1160 3012 imperfecti
1205 2958 1247 2995 et
1292 2949 1697 3009 plusquamperfecti
1748 2950 1901 2993 afferre
1952 2950 2225 3008 supersedeo.
2295 2946 2425 3005 Apud
2464 2945 2592 2990 Corn.

207 3028 425 3088 Nepotem
454 3029 625 3086 quidem
654 3035 697 3070 et
722 3027 893 3070 Livium
923 3032 1022 3068 sunt
1049 3023 1404 3082 frequentissima.

1088 3224 1141 3292 b)
1208 3225 1282 3273 De
1318 3238 1472 3290 quum
1506 3222 1706 3271 causali.

316 3342 360 3385 Is
403 3357 554 3386 sensus
599 3357 651 3385 ex
693 3341 864 3383 notione
906 3338 1128 3396 temporali
1165 3336 1385 3395 provenit,
1429 3332 1543 3391 quod
1580 3332 1692 3375 idem
1728 3333 1770 3375 in
1807 3340 1997 3376 nostrum
2028 3333 2083 3375 da
2112 3331 2235 3374 cadit.
2293 3329 2390 3372 Hoc
2419 3336 2461 3372 et
2488 3330 2589 3372 illud

210 3418 349 3460 omnia
377 3417 602 3461 admittunt
628 3421 835 3471 tempora.
892 3411 1092 3456 Latinum
1122 3427 1251 3468 quum
1290 3408 1458 3452 causale
1497 3405 1682 3465 postulat
1720 3404 2032 3462 conjunctivum
2068 3418 2209 3460 neque
2247 3407 2388 3443 tamen
2424 3401 2503 3455 ita,
2543 3409 2589 3445 ut
