2865 3772
1427 175 1477 215 15

384 303 485 346 Non
514 305 699 347 alienum
728 306 825 360 erit,
865 308 909 350 id
936 324 1073 365 genus
1103 315 1300 371 exempla
1327 303 1510 362 aliquot,
1553 307 1596 349 in
1626 309 1778 366 quibus
1808 325 1960 367 quum,
2007 317 2134 367 prout
2160 326 2229 353 res
2257 313 2466 369 postulat,
2508 314 2635 358 modo

254 391 347 417 cum
376 376 624 432 imperfecto
656 377 783 421 modo
814 395 908 422 cum
936 382 1126 437 perfecto
1156 384 1372 429 indicativi
1401 389 1687 427 constructum
1716 388 1792 436 est,
1823 381 2036 438 colligere.

383 446 596 504 Exempla
623 448 859 505 imperfecti
889 467 899 494 :
930 451 1020 496 Cic.
1050 454 1105 497 ad
1133 455 1255 499 Fam.
1275 457 1315 511 3,
1344 456 1396 499 13
1424 457 1451 509 ξ
1471 454 1499 497 2
1524 452 1669 505 Quum
1695 452 1801 494 haec
1830 452 2080 506 scribebam,
2111 467 2332 496 censorem
2352 453 2444 510 jam
2469 461 2512 497 te
2540 471 2634 499 esse

252 517 490 574 sperabam.
549 517 678 561 Corn.
708 519 819 577 Nep.
852 523 940 564 Att.
970 524 997 565 9
1026 524 1150 575 Quae
1180 542 1311 584 quum
1337 526 1544 578 faciebat,
1590 538 1716 565 nemo
1756 537 1852 563 eum
1886 523 2090 580 temporis
2128 539 2257 565 causa
2291 524 2432 567 facere
2470 533 2635 582 poterat

252 588 505 630 existimare.
562 589 700 632 Plaut.
730 593 885 649 Amph.
919 596 955 646 1,
987 595 1023 647 1,
1052 596 1108 638 45
1135 596 1250 640 Nam
1279 613 1408 655 quom
1435 595 1688 654 pugnabant
1715 594 1774 635 illi
1801 608 2019 647 maxume,
2059 610 2141 650 ego
2178 594 2397 651 fugiebam
2424 610 2632 639 maxume.

250 657 345 700 Liv.
375 657 441 713 35,
471 659 496 701 8
526 659 669 711 Quum
699 662 805 706 haec
833 664 875 706 in
895 664 1106 722 Hispania
1124 668 1396 724 gerebantur,
1426 666 1690 710 comitiorum
1709 665 1802 720 jam
1830 665 2060 721 appetebat
2086 665 2189 707 dies.
2246 664 2312 707 Id.
2340 666 2408 720 36,
2436 667 2465 708 5
2493 665 2635 718 Quum

251 729 356 771 haec
384 729 549 773 Romae
580 733 836 787 agebantur,
876 734 1080 779 Chalcide
1108 739 1366 793 Antiochus,
1404 754 1457 781 ne
1497 743 1684 780 cessaret
1711 751 1789 793 per
1816 736 2089 778 hibernorum
2115 744 2305 794 tempus,
2349 737 2503 794 partim
2543 738 2634 795 ipse

251 800 499 844 sollicitabat
519 802 746 845 civitatium
768 805 930 848 animos
950 807 1163 851 mittendis
1189 809 1354 867 legatis,
1382 809 1536 867 partim
1563 808 1674 850 ultro
1704 806 1759 848 ad
1788 820 1884 848 eum
1912 806 2151 849 veniebant.
2208 806 2297 850 Cic.
2324 807 2380 849 ad
2399 807 2521 850 Fam.
2545 810 2581 861 1,
2613 810 2633 850 1

250 874 276 924 ξ
310 874 330 912 1
361 872 449 915 Res
479 874 620 930 agitur
648 890 725 931 per
755 876 929 918 eosdem
958 878 1200 933 creditores,
1230 896 1309 938 per
1338 896 1467 937 quos,
1499 895 1629 936 quum
1657 885 1704 920 tu
1732 878 1897 930 aderaS,
1928 878 2144 933 agebatur.
2202 878 2266 920 Id.
2296 878 2424 921 Tusc.
2456 877 2633 931 Quaest.

248 943 287 996 2,
316 944 370 984 24
399 947 425 997 ξ
454 946 508 986 59
537 944 772 1002 Fulgentes
798 947 962 1003 gladios
992 949 1174 992 hostium
1203 951 1406 994 videbant
1433 951 1578 1003 Decii,
1623 966 1752 1006 quum
1790 949 1832 990 in
1861 949 1995 990 aciem
2026 964 2171 991 eorum
2198 949 2426 993 irruebant.
2484 950 2549 992 Id.
2580 950 2634 993 ad

248 1013 368 1056 Fam.
403 1016 465 1069 12,
495 1016 521 1057 6
548 1018 574 1069 ξ
603 1016 630 1058 2
668 1016 778 1072 Res,
818 1034 947 1076 quum
989 1020 1095 1063 haec
1125 1022 1382 1077 scribebam,
1422 1028 1513 1065 erat
1540 1022 1585 1064 in
1613 1027 1849 1063 extremum
1879 1019 2062 1061 adducta
2091 1019 2326 1062 discrimen.
2382 1020 2483 1062 Non
2512 1021 2634 1064 aliter

247 1086 509 1144 intelligendi
538 1096 635 1130 sunt
663 1088 905 1146 hujusmodi
947 1091 1027 1133 loci
1057 1108 1067 1134 :
1112 1092 1200 1136 Cic.
1238 1094 1281 1136 in
1310 1094 1433 1137 Verr,
1462 1095 1501 1148 5,
1529 1094 1584 1136 62
1622 1096 1649 1147 ξ
1682 1092 1759 1135 162
1789 1090 2062 1135 Caedebatur
2099 1090 2230 1148 virgis
2275 1092 2318 1133 in
2356 1091 2495 1134 medio
2538 1092 2632 1135 foro

247 1156 473 1200 Messanae
504 1159 606 1201 civis
635 1160 867 1215 Romanus,
898 1177 1028 1219 quum
1057 1163 1219 1206 interea
1247 1165 1385 1207 nullus
1413 1165 1609 1222 gemitus,
1638 1164 1754 1206 nulla
1782 1178 1866 1205 vox
1897 1163 1978 1205 alia
2006 1162 2116 1204 illius
2144 1162 2287 1204 miseri
2312 1163 2421 1205 inter
2442 1163 2632 1206 dolorem

248 1230 537 1287 crepitumque
567 1232 790 1288 plagarum
820 1233 1083 1288 audiebatur,
1110 1234 1190 1277 nisi
1219 1236 1324 1278 haec
1354 1252 1363 1278 :
1403 1235 1520 1279 Civis
1549 1236 1768 1278 Romanus
1799 1250 1903 1276 sum.
1962 1234 2070 1276 Ibid.
2101 1236 2136 1287 1,
2166 1235 2192 1276 6
2221 1234 2257 1288 ξ
2283 1235 2333 1276 17
2362 1235 2491 1277 Nulla
2517 1244 2631 1289 nota,

247 1302 384 1343 nullus
413 1303 549 1355 color,
588 1304 727 1345 nullae
765 1304 913 1347 sordes
950 1305 1205 1348 videbantur
1232 1305 1297 1348 his
1329 1307 1546 1349 sententiis
1575 1306 1689 1349 allini
1717 1321 1865 1363 posse,
1911 1321 2040 1362 quum
2077 1306 2156 1347 iste
2197 1312 2372 1362 repente
2412 1321 2465 1348 ex
2503 1307 2631 1348 alacri
2668 1315 2673 1318 ”

247 1378 372 1430 atque
401 1374 511 1416 laeto
543 1374 602 1416 sic
633 1381 723 1417 erat
751 1375 918 1418 humilis
948 1382 1075 1434 atque
1106 1377 1338 1433 demissus,
1367 1384 1413 1420 ut
1442 1384 1519 1420 etc.
1575 1376 1685 1419 Ibid.
1714 1378 1754 1430 5,
1782 1378 1837 1419 34
1867 1379 1892 1430 ξ
1923 1377 1975 1418 88
2004 1376 2209 1418 Evolarat
2230 1377 2321 1432 jam
2351 1391 2374 1418 e
2394 1384 2627 1434 conspectu

245 1445 334 1486 fere
363 1445 531 1502 fugiens
574 1446 873 1503 quadriremis,
914 1462 1043 1505 quum
1074 1448 1200 1490 etiam
1227 1455 1317 1490 tum
1347 1455 1512 1491 ceterae
1542 1464 1673 1491 naves
1702 1463 1786 1489 uno
1817 1448 1860 1489 in
1889 1448 1980 1489 loco
2009 1448 2300 1489 moliebantur.
2356 1448 2451 1489 Liv.
2479 1450 2546 1502 25,
2575 1450 2631 1490 24

244 1516 275 1559 J
278 1531 346 1558 am
375 1517 488 1559 mille
518 1524 775 1559 armatorum
815 1526 1016 1576 ceperant
1051 1527 1242 1577 partem,
1286 1535 1416 1578 quum
1460 1527 1626 1562 ceterae
1669 1519 1866 1562 admotae
1910 1519 2185 1576 pluribusque
2225 1519 2348 1561 scalis
2383 1520 2428 1560 in
2463 1534 2630 1561 murum

245 1588 495 1629 evadebant.
552 1588 617 1629 Id.
647 1590 713 1642 35,
745 1590 772 1630 2
800 1589 1003 1631 Nondum
1033 1591 1086 1632 ab
1115 1591 1254 1632 Roma
1290 1592 1505 1648 profectus
1544 1598 1634 1633 erat
1671 1591 1721 1634 C.
1761 1590 1996 1632 Flaminius
2032 1596 2229 1646 praetor,
2275 1605 2404 1646 quum
2444 1591 2550 1632 haec
2586 1591 2629 1632 in

244 1659 455 1714 Hispania
497 1660 767 1715 gerebantur.
842 1660 1006 1711 Quater
1040 1662 1233 1703 videmus
1270 1663 1314 1703 in
1353 1662 1640 1704 enuntiatione
1678 1661 1899 1718 principali
1937 1660 2399 1717 plusquamperfectum
2432 1661 2627 1717 logicum,

245 1730 372 1784 quod,
401 1731 460 1770 uti
481 1730 571 1784 jam
602 1746 730 1786 supra
760 1731 916 1771 dictum
946 1739 1022 1784 est,
1051 1732 1209 1773 indicat
1238 1740 1413 1786 statum,
1444 1733 1516 1789 qui
1544 1748 1635 1774 rem
1663 1732 1895 1789 perfectam
1926 1731 2174 1773 subsecutus
2211 1737 2287 1773 est.
2344 1731 2488 1774 Facile
2517 1732 2629 1774 aliud

243 1800 421 1841 verbum
453 1801 687 1853 invenitur,
728 1802 848 1856 cujus
887 1802 1181 1858 imperfectum
1219 1803 1263 1844 in
1299 1804 1438 1845 locum
1480 1803 1589 1844 illius
1631 1801 2035 1860 plusquamperfecti
2074 1801 2363 1843 substituatur.
2434 1801 2520 1844 Pro
2560 1816 2628 1845 res

244 1876 334 1913 erat
362 1871 405 1912 in
435 1876 669 1927 extremum
698 1871 880 1914 adducta
908 1872 1154 1927 discrimen,
1177 1873 1269 1930 Jam
1298 1874 1488 1916 evolarat
1515 1872 1816 1931 quadriremiS,
1850 1872 1942 1929 jam
1979 1871 2092 1914 mille
2133 1877 2391 1914 armatorum
2428 1879 2628 1929 ceperant

243 1947 420 1999 partem,
452 1941 639 1985 nondum
669 1943 722 1985 ab
742 1942 881 1986 Roma
909 1944 1124 2001 profectus
1154 1951 1244 1987 erat
1263 1944 1511 1999 Flaminius,
1540 1950 1681 2002 potest
1705 1943 1817 1986 dici:
1848 1943 1937 1986 Res
1967 1949 2058 1986 erat
2085 1943 2128 1985 in
2157 1949 2346 1985 extremo
2373 1943 2624 1998 discrimine,

237 2013 327 2070 jam
357 2013 636 2071 quadriremis
664 2015 822 2068 aberat,
849 2015 940 2071 jam
968 2016 1080 2059 mille
1110 2023 1368 2059 armatorum
1394 2017 1598 2059 tenebant
1625 2022 1802 2073 partem,
1833 2016 1960 2057 etiam
1978 2022 2066 2056 tum
2087 2014 2250 2056 Romae
2269 2020 2361 2056 erat
2378 2014 2624 2057 Flaminius.

241 2084 312 2126 Ab
342 2084 421 2126 hac
450 2090 570 2141 parte
602 2084 819 2127 discedere
848 2101 933 2128 non
962 2101 1158 2142 possum,
1200 2088 1302 2144 quin
1330 2087 1570 2143 hujusmodi
1598 2088 1738 2128 locum
1767 2087 1966 2138 afferam,
1998 2086 2071 2127 ubi
2101 2101 2230 2142 quum
2258 2092 2406 2127 contra
2432 2087 2625 2141 regulam

243 2155 432 2211 sequitur
461 2155 764 2209 conjunctivus.
823 2155 911 2198 Cic.
941 2157 1025 2212 Ep.
1055 2158 1109 2199 ad
1135 2159 1224 2199 Att.
1255 2159 1319 2211 15,
1351 2159 1402 2198 13
1431 2161 1457 2210 ἓ
1488 2158 1511 2197 7
1552 2157 1675 2198 Haec
1713 2172 1843 2214 quum
1873 2157 2121 2208 scriberem,
2149 2163 2312 2197 tantum
2341 2155 2456 2212 quod
2484 2156 2624 2197 existi·

241 2226 410 2268 mabam
441 2226 495 2268 ad
524 2233 565 2268 te
596 2226 828 2278 orationem
860 2242 954 2269 esse
974 2228 1193 2283 perlatam.
1252 2228 1304 2269 In
1331 2229 1424 2269 loco
1453 2228 1579 2284 plane
1609 2226 1744 2281 simili,
1774 2243 1902 2284 supra
1921 2228 2045 2269 allato
2067 2243 2120 2269 ex
2139 2226 2275 2283 Epist.
2296 2226 2351 2268 ad
2370 2225 2491 2268 Fam.
2511 2227 2550 2279 3,
2574 2227 2625 2268 13

243 2300 269 2350 ξ
298 2298 325 2338 2
353 2304 417 2339 est
446 2313 575 2355 quum
605 2298 855 2340 scribebam.

373 2368 585 2425 Exempla
613 2369 790 2425 perfecti
819 2385 829 2410 ε
860 2368 985 2411 Caes.
1014 2368 1066 2409 B.
1097 2367 1152 2409 G.
1182 2369 1221 2420 6,
1254 2368 1306 2408 12
1352 2367 1495 2418 Quum
1539 2366 1701 2410 Caesar
1738 2367 1780 2408 in
1818 2365 2001 2408 Galliam
2039 2366 2174 2419 venit,
2220 2366 2391 2409 alterius
2429 2367 2626 2411 factionis

240 2439 453 2496 principes
483 2447 603 2481 erant
631 2439 814 2492 Haedui,
845 2439 1016 2481 alterius
1047 2436 1249 2494 Sequani.
1308 2436 1397 2481 Cic.
1428 2437 1482 2480 ad
1505 2437 1626 2480 Fam.
1657 2438 1696 2491 9,
1728 2437 1751 2479 7
1781 2440 1806 2491 ξ
1831 2439 1850 2478 1
1883 2435 2130 2480 Coenabam
2158 2436 2272 2494 apud
2301 2435 2462 2493 Sejum,
2493 2453 2625 2494 quum

240 2511 405 2568 utrique
435 2518 626 2553 nostrum
654 2510 844 2554 redditae
875 2516 971 2553 sunt
1000 2525 1025 2552 a
1059 2516 1101 2552 te
1133 2509 1292 2552 literae.
1349 2508 1445 2551 Liv.
1476 2509 1543 2563 22,
1577 2510 1596 2550 1
1627 2508 1729 2552 Jam
1758 2523 1833 2549 ver
1861 2507 2109 2565 appetebat,
2150 2522 2280 2565 quum
2314 2508 2534 2551 Hannibal
2571 2524 2627 2552 ex

239 2582 425 2625 hibernis
454 2583 607 2636 movit,
638 2583 689 2624 cf.
720 2598 816 2639 cum
844 2583 925 2624 hoc
952 2582 1044 2624 loco
1075 2596 1204 2637 supra
1232 2581 1404 2622 citatum
1434 2595 1488 2622 ex
1515 2579 1610 2621 Liv.
1639 2579 1705 2632 35,
1735 2580 1761 2621 8
1799 2577 1941 2630 Quum
1971 2578 2077 2621 haec
2104 2578 2147 2620 in
2175 2578 2387 2636 Hispania
2415 2580 2625 2636 gereban-

237 2660 317 2708 tur,
349 2653 611 2697 comitiorum
630 2654 722 2711 jam
751 2654 981 2713 appetebat
1009 2653 1110 2696 dies.
1169 2651 1257 2696 Cic.
1288 2651 1341 2694 de
1370 2651 1553 2709 Republ.
1588 2652 1622 2705 1,
1654 2651 1705 2692 12
1734 2652 1760 2705 ξ
1793 2650 1842 2691 18
1881 2649 2063 2691 Dixerat
2101 2649 2182 2692 hoc
2218 2650 2308 2704 ille,
2351 2666 2483 2709 quum
2519 2642 2626 2710 puer

238 2726 446 2768 nuntiavit
472 2726 617 2768 venire
647 2726 702 2769 ad
730 2741 827 2768 eum
854 2726 1062 2768 Laelium.
1119 2724 1183 2766 Id.
1212 2737 1291 2781 pro
1319 2723 1430 2764 Mur.
1460 2723 1514 2764 28
1544 2726 1571 2777 ξ
1590 2723 1644 2763 58
1672 2722 1748 2763 Bis
1778 2722 1924 2762 consul
1952 2722 2090 2762 fuerat
2114 2721 2164 2762 P.
2185 2722 2416 2764 Africanus
2446 2731 2489 2765 et
2518 2724 2625 2766 duos

237 2805 422 2840 terrores
465 2798 589 2855 hujus
632 2798 823 2856 imperii,
869 2797 1173 2854 Carthaginem
1216 2795 1600 2851 Numantiamque,
1642 2794 1876 2846 deleverat,
1922 2809 2052 2850 quum
2095 2794 2313 2836 accusavit
2349 2793 2401 2838 L.
2439 2794 2622 2839 Cottam.

239 2869 333 2910 Liv.
362 2870 429 2923 24,
457 2870 511 2910 29
539 2870 646 2911 Dies
674 2870 789 2911 haud
816 2870 875 2911 ita
903 2869 1022 2911 multi
1050 2868 1375 2910 intercesserant
1403 2866 1493 2920 (alii
1523 2866 1863 2919 intercesserunt,
1895 2865 2009 2922 quod
2036 2865 2225 2923 falsum),
2255 2883 2387 2924 quum
2409 2884 2463 2911 ex
2482 2867 2620 2911 Leon—

236 2940 334 2981 tinis
363 2941 505 2996 legati,
535 2940 793 2998 praesidium
821 2940 976 2982 finibus
1007 2939 1091 2982 suis
1122 2943 1303 2990 orantes,
1331 2943 1553 2979 venerunt.
1611 2937 1867 2994 Plerumque
1888 2937 1967 2978 hae
1997 2937 2235 2981 sententiae
2264 2938 2324 2981 ita
2352 2947 2620 2997 comparatae

238 3019 352 3065 sunt,
393 3018 439 3053 ut
477 3012 707 3054 enuntiatio
744 3011 951 3070 incipiens
980 3028 1006 3054 a
1034 3026 1163 3069 quum
1193 3014 1394 3066 sequatur
1434 3008 1610 3050 alteram
1649 3008 2009 3065 praecipuamque
2056 3009 2144 3051 vim
2186 3010 2366 3068 accipiat
2409 3009 2619 3054 adverbiis

235 3082 438 3138 temporis
468 3082 664 3138 adjectis,
695 3098 804 3139 quae
834 3083 1017 3124 subitum
1046 3088 1088 3124 et
1115 3080 1388 3138 improvisum
1416 3079 1574 3135 aliquid
1606 3080 1856 3136 exprimunt.
1930 3080 1983 3121 Id
2012 3081 2086 3123 ubi
2114 3097 2201 3124 non
2232 3082 2291 3136 fit,
2320 3082 2434 3124 haud
2461 3098 2617 3139 magno

238 3152 475 3196 discrimine
497 3153 646 3196 dicitur
667 3169 676 3195 ε
707 3152 851 3206 Quum
876 3152 1054 3212 profecti
1074 3158 1181 3206 sunt,
1211 3166 1296 3194 nox
1315 3155 1418 3204 erat,
1437 3149 1626 3193 nondum
1644 3150 1850 3205 illuxerat,
1875 3151 1945 3194 vel
1964 3166 2051 3195 nox
2071 3160 2174 3207 erat,
2204 3152 2392 3196 nondum
2411 3152 2617 3208 illuxerat,

238 3237 366 3279 quum
395 3225 573 3281 profecti
602 3231 709 3267 sunt.

368 3295 440 3338 Fit
468 3296 606 3350 etiam,
636 3303 683 3339 ut
711 3311 841 3353 quum
871 3297 1151 3354 conjungatur
1179 3308 1273 3336 cum
1301 3292 1489 3350 perfecto
1518 3292 1732 3334 indicativi
1759 3294 2078 3352 enuntiatioque
2107 3295 2306 3352 primaria
2339 3302 2381 3336 et
2408 3295 2501 3352 ipsa
2537 3296 2617 3337 hoc

235 3370 402 3422 tempus
439 3382 582 3410 secum
621 3367 789 3410 habeat.
848 3367 961 3410 Tum
996 3367 1144 3411 ambae
1183 3363 1369 3408 actiones
1404 3362 1447 3404 in
1488 3362 1600 3405 idem
1638 3364 1842 3421 temporis
1880 3372 2140 3408 momentum
2170 3366 2358 3407 incidunt
2385 3366 2456 3407 vel
2484 3367 2616 3409 altera
