2865 3772
1427 202 1476 243 12

253 347 296 383 te
325 340 464 383 audeo
492 337 726 398 praestanti
742 336 969 395 prudentia
987 335 1124 375 virum
1152 349 1232 375 nec
1261 335 1512 376 confirmare
1540 334 1713 375 maximi
1741 333 1872 373 aninn'
1897 333 2124 374 hominem.
2187 333 2321 377 Corn-
2345 335 2456 391 Nep.
2486 334 2585 375 Dat.
2616 336 2649 375 3.

255 411 442 468 Thyum,
470 410 685 451 hominem
712 407 885 448 maximi
913 406 1103 461 corporis
1131 406 1393 463 terribilique
1421 407 1531 446 facie
1561 437 1570 445 .
1601 436 1610 445 .
1642 436 1651 445 .
1683 404 1843 460 optima
1870 410 1990 444 veste
2017 405 2135 444 texit.

387 483 531 539 Atque
550 479 657 522 adeo
678 478 861 521 Romani
878 476 1071 519 variandi
1091 493 1220 520 causa
1248 484 1346 534 post
1372 485 1462 519 tum
1482 493 1613 534 quum
1633 474 1906 531 conjunctivo
1931 473 2169 530 imperfecti
2187 477 2284 532 plus
2305 477 2427 519 solito
2445 476 2640 519 tribuisse

253 552 465 596 videntur.
520 550 693 593 Etenim
721 554 819 607 post
853 554 944 591 tum
983 563 1113 605 quum
1152 548 1447 606 conjunctivus
1483 546 1720 605 imperfecti
1760 561 1847 589 non
1887 545 2080 588 usitatior
2124 552 2189 589 est
2229 562 2358 604 quam
2393 547 2647 590 indicativus-

254 623 490 682 imperfecti
518 628 616 680 post
652 619 995 678 conjunctionem
1033 636 1176 677 quum.
1246 620 1383 678 quue
1422 619 1544 662 simul
1583 618 1836 661 documento
1877 622 1964 672 est,
2005 615 2226 661 Romanos
2263 619 2383 676 ipsos
2418 619 2640 663 discrimen

256 695 452 740 statuisse
481 693 590 737 inter
618 690 867 736 adverbium
897 707 1028 750 quum
1058 697 1100 735 et
1126 691 1237 735 inter
1266 689 1605 747 conjunctionem
1640 704 1782 747 quum.

388 765 532 818 Quum
558 790 615 797 —
641 771 732 806 tum
761 764 850 806 sive
878 770 991 806 tunc.
1050 763 1133 806 Est
1160 763 1309 806 eadem
1337 762 1533 815 inversio,
1565 777 1674 818 quae
1702 761 1769 814 fit,
1801 760 1972 817 quando
2001 775 2239 816 pronomen
2268 762 2640 806 demonstrativum

256 836 431 881 relativo
460 834 748 894 postponitur,
786 840 834 876 ut
873 834 1107 877 sententiae
1137 833 1360 892 primariae
1390 832 1621 890 praecipua
1656 832 1721 874 vis
1762 831 1983 874 tribuatur.
2042 829 2131 874 Cic.
2162 832 2229 875 ad.
2259 833 2382 877 Fam.
2414 834 2475 887 14,
2504 834 2531 876 3
2559 836 2585 888 ξ
2613 835 2640 876 4

257 906 401 961 Quum
427 906 584 949 inimici
611 905 745 947 nostri
773 904 919 947 venire
959 905 1172 958 dicentur,
1211 911 1299 946 tum
1336 904 1379 945 in
1407 903 1589 961 Epirum
1620 903 1704 945 ibo.
1777 902 1890 945 Ibid.
1918 902 1982 955 16,
2015 903 2066 943 12
2095 905 2122 956 ξ
2152 903 2178 944 6
2208 902 2257 946 Si
2285 905 2470 958 valebis,
2512 919 2640 961 quum

255 986 368 1021 recte
397 977 590 1035 navigari
618 977 787 1034 poterit,
815 983 906 1017 tum
935 975 1124 1031 naviges.
1181 975 1245 1016 Id.
1275 975 1318 1016 in
1345 974 1470 1016 Verr.
1500 975 1539 1028 τ’),
1571 976 1624 1017 10
1652 977 1678 1027 ξ
1705 975 1757 1016 27
1789 973 1934 1025 Quum
1961 988 2105 1015 rosam
2133 974 2310 1028 viderat,
2339 982 2427 1017 tum
2456 977 2639 1032 incipere

254 1064 330 1092 ver
358 1049 654 1091 arbitrabatur.
723 1046 819 1088 Liv.
848 1047 915 1100 21,
949 1046 998 1088 18
1039 1044 1181 1096 Quum
1220 1052 1391 1087 senatus
1431 1045 1553 1087 datus
1592 1052 1705 1087 esset
1735 1077 1744 1086 .
1776 1077 1785 1086 .
1816 1076 1824 1086 .
1854 1050 1944 1085 tum
1974 1059 2028 1085 ex
2058 1042 2481 1101 Carthaginiensibus
2520 1062 2638 1087 unus.

254 1120 514 1176 Plerumque
540 1125 682 1161 autem
711 1133 842 1175 quum
868 1141 924 1148 —
951 1123 1040 1158 tum
1068 1116 1126 1158 ita
1154 1124 1404 1173 usurpatur,
1434 1123 1480 1158 ut
1509 1116 1617 1158 duae
1647 1132 1716 1157 res
1744 1115 1814 1157 vel
1842 1115 2030 1156 actiones
2060 1116 2335 1169 conveniant,
2370 1117 2465 1173 plus
2500 1123 2640 1159 tamen

255 1191 457 1249 ponderis
495 1189 614 1232 alteri
650 1188 877 1246 tribuatur,
916 1187 1073 1228 scilicet
1100 1186 1161 1241 ei,
1199 1203 1308 1244 quae
1347 1187 1401 1229 ad
1438 1194 1527 1229 tum
1568 1186 1763 1244 pertinet.
1835 1185 1918 1227 Est
1959 1184 2071 1227 enim
2113 1186 2344 1228 enuntiatio
2385 1187 2640 1244 principalis.

257 1261 305 1305 Si
332 1262 461 1318 igitur
489 1260 577 1304 Cic.
607 1259 661 1301 ad
690 1258 811 1300 Fam.
844 1259 907 1311 14,
937 1258 964 1299 3
992 1260 1017 1311 ἓ
1045 1258 1072 1299 2
1102 1258 1201 1299 dicit
1230 1274 1239 1299 ε
1285 1257 1427 1309 Quum
1467 1258 1613 1300 dolore
1657 1257 1877 1310 conficior,
1919 1264 2009 1298 tum
2039 1257 2166 1299 etiam
2196 1258 2382 1314 pudore,
2425 1259 2505 1300 hoc
2542 1259 2641 1300 nihil

256 1333 370 1376 aliud
399 1339 463 1375 est
491 1346 618 1389 quam
647 1346 657 1372 τ
689 1329 787 1382 Quo
816 1337 1010 1387 tempore
1041 1328 1186 1371 dolore
1213 1329 1435 1383 conficior,
1467 1345 1516 1371 eo
1548 1329 1674 1371 etiam
1694 1328 1871 1386 pudore,
1899 1328 1925 1370 i.
1954 1343 1990 1370 e.
2023 1327 2175 1370 eodem
2203 1335 2395 1387 tempore
2426 1329 2572 1372 dolore
2601 1337 2644 1372 et

256 1406 382 1448 etiam
421 1404 584 1461 pudore
625 1402 847 1455 conficior,
885 1402 955 1443 vel
985 1401 1107 1443 simul
1137 1401 1305 1455 dolore,
1347 1401 1468 1443 simul
1504 1401 1630 1444 etiam
1659 1400 1822 1459 pudore
1854 1400 2065 1442 conficior.
2124 1399 2343 1444 Posterius
2372 1401 2452 1444 hoc
2481 1408 2642 1445 tantum

255 1476 422 1530 differt,
467 1474 581 1532 quod
623 1472 961 1531 magnitudinem
1004 1472 1161 1514 doloris
1204 1479 1246 1514 et
1287 1473 1461 1530 pudoris
1503 1480 1659 1530 aequat
1695 1488 1835 1530 neque
1874 1471 2082 1531 pudorem
2122 1471 2267 1515 dolore
2306 1489 2399 1515 esse
2438 1474 2642 1531 majorem

256 1547 464 1603 exprimit.
535 1545 818 1586 Memorabile
859 1551 901 1586 et
937 1559 991 1586 ex
1028 1559 1073 1585 re
1117 1559 1213 1585 mea
1256 1551 1342 1597 est,
1387 1545 1501 1601 apud
1539 1544 1709 1585 Livium
1737 1545 1786 1597 3,
1815 1545 1870 1585 50
1910 1559 1986 1600 pro
2024 1550 2114 1584 tum
2144 1559 2238 1586 esse
2268 1545 2390 1586 simul
2420 1560 2429 1585 :
2461 1545 2643 1587 Immixti

253 1617 405 1661 turbae
449 1615 629 1659 militum
666 1614 802 1672 togati
843 1630 973 1673 quum
1010 1614 1160 1657 eadem
1200 1615 1271 1657 illa
1301 1614 1518 1672 querendo
1550 1648 1558 1656 .
1591 1649 1599 1657 .
1632 1649 1640 1657 .
1685 1614 1806 1657 simul
1849 1613 2116 1673 profligatam
2147 1614 2240 1672 jam
2281 1630 2370 1658 rem
2414 1615 2643 1659 nuntiando

257 1688 424 1732 Romae
454 1702 548 1731 esse
579 1720 588 1729 .
619 1720 629 1729 .
661 1720 670 1729 .
700 1687 989 1743 perpulerunt,
1020 1693 1066 1728 ut
1094 1686 1148 1727 ad
1178 1701 1296 1727 arma
1325 1688 1670 1728 conclamaretur.
1728 1687 1780 1729 In
1822 1686 2064 1743 hujusmodi
2103 1688 2320 1728 sententiis
2359 1703 2489 1744 quum
2518 1703 2644 1745 saepe

258 1775 354 1804 cum
383 1758 651 1816 conjunctivo
682 1756 867 1801 construi
896 1763 1042 1799 notum
1073 1762 1148 1799 est.
1208 1756 1336 1809 Quod
1376 1757 1444 1811 fit,
1485 1757 1519 1799 si
1558 1764 1599 1800 et
1638 1757 1838 1815 primaria
1881 1764 1923 1800 et
1964 1756 2215 1800 secundaria
2252 1758 2482 1801 enuntiatio
2526 1774 2645 1802 suum

258 1845 453 1891 quaeque
482 1829 661 1874 verbum
690 1829 831 1884 habet,
862 1835 904 1872 et
932 1829 1065 1871 altera
1094 1829 1213 1871 alteri
1243 1829 1301 1871 ita
1331 1829 1571 1887 opponitur,
1601 1835 1647 1871 ut
1675 1829 1790 1887 prior
1819 1829 2035 1886 generale,
2065 1829 2275 1887 posterior
2310 1830 2522 1887 singulare
2547 1830 2646 1888 quid

257 1903 535 1961 ejusdemque
562 1897 734 1960 generis
764 1901 984 1958 exprimat.
1041 1900 1247 1944 Nostrum
1276 1916 1389 1944 zwar
1417 1927 1472 1932 —
1501 1901 1604 1944 aber
1634 1908 1676 1943 et
1703 1901 1878 1943 latinum
1900 1901 1978 1943 etsi
2003 1926 2059 1932 —
2086 1908 2230 1943 tamen
2259 1901 2330 1957 (cf.
2362 1900 2451 1944 Cic.
2480 1901 2563 1959 Ep.
2593 1902 2647 1944 ad

255 1973 378 2019 Fam.
406 1974 447 2029 3,
476 1974 503 2017 9
532 1975 558 2028 ξ
586 1973 633 2030 2)
663 1972 753 2016 fere
789 1971 903 2016 idem
936 1972 1090 2015 valent.
1148 1971 1237 2016 Cic.
1266 1987 1344 2029 pro
1374 1972 1484 2015 Mur.
1514 1973 1565 2015 27
1606 1975 1633 2026 ξ
1661 1973 1716 2016 56
1756 1971 1879 2024 Quae
1921 1987 2052 2030 quum
2089 1973 2172 2015 sint
2211 1973 2379 2029 gravia,
2419 1979 2508 2014 tum
2547 1973 2647 2015 illud

257 2045 577 2090 acerbissimum
606 2050 692 2098 est,
724 2043 838 2101 quod
869 2049 947 2085 etc.
1004 2043 1068 2085 Id.
1100 2043 1154 2085 ad
1183 2043 1304 2085 Fam.
1335 2044 1374 2097 9,
1408 2044 1459 2085 14
1489 2046 1515 2097 ξ
1544 2045 1571 2085 4
1601 2043 1745 2095 Quum
1774 2050 1816 2086 te
1848 2058 2017 2101 semper
2044 2050 2209 2086 tantum
2239 2044 2478 2098 dilexerim,
2519 2059 2646 2101 quan-

190 2105 194 2108 *
256 2123 348 2160 tum
373 2123 420 2158 tu
448 2115 684 2172 intelligere
713 2114 899 2172 potuisti,
929 2120 1018 2156 tum
1046 2114 1111 2156 his
1139 2115 1222 2155 tuis
1251 2115 1374 2156 factis
1404 2115 1464 2155 sic
1491 2114 1690 2155 incensus
1720 2129 1833 2167 sum,
1862 2121 1909 2156 ut
1936 2115 2037 2156 nihil
2066 2130 2254 2171 unquam
2282 2115 2325 2155 in
2354 2129 2497 2156 amore
2525 2115 2650 2157 fuerit

259 2188 488 2232 ardentius.
544 2186 608 2229 Id.
639 2186 692 2229 de
724 2185 810 2229 Off.
844 2187 880 2239 l,
910 2186 937 2228 2
967 2188 992 2239 ξ
1021 2187 1049 2227 4
1078 2185 1221 2237 Quum
1259 2186 1392 2227 multa
1431 2185 1514 2227 sint
1552 2186 1594 2227 in
1634 2186 1903 2243 philosophia
1947 2193 1988 2228 et
2026 2187 2176 2242 gravia
2215 2193 2257 2228 et
2299 2186 2414 2228 utilia
2456 2194 2648 2229 accurate

259 2259 516 2318 copioseque
546 2274 571 2301 a
598 2257 861 2315 philosophis
890 2256 1129 2314 disputata,
1158 2257 1361 2300 latissime
1390 2262 1537 2313 patere
1567 2257 1763 2299 videntur
1792 2273 1867 2311 ea,
1907 2272 2017 2314 quae
2047 2258 2100 2300 de
2131 2258 2279 2300 officiis
2307 2257 2461 2299 tradita
2488 2258 2540 2299 ab
2569 2258 2648 2301 illis

259 2338 302 2374 et
329 2336 560 2388 praecepta
588 2335 695 2371 sunt.
752 2328 817 2371 Id.
847 2344 925 2386 pro
957 2326 1068 2372 Sest.
1093 2330 1113 2371 1
1145 2331 1171 2382 ξ
1193 2329 1220 2371 2
1248 2328 1300 2371 In
1330 2343 1415 2385 quo
1447 2344 1576 2385 quum
1604 2330 1734 2371 multa
1763 2329 1846 2371 sint
1875 2328 2028 2385 (Orell.
2058 2330 2174 2386 sunt)
2204 2329 2400 2386 indigna,
2429 2336 2518 2371 tum
2546 2330 2646 2374 nihil

258 2402 398 2444 minus
428 2407 493 2443 est
519 2398 741 2442 ferendum
770 2415 899 2457 quam
933 2399 1049 2456 quod
1079 2406 1156 2442 ete.
1212 2400 1277 2442 Id.
1309 2399 1362 2441 de
1392 2399 1492 2442 Nat.
1522 2399 1653 2442 Deor.
1686 2402 1722 2453 l,
1754 2401 1774 2442 1
1818 2399 1962 2451 Quum
2000 2401 2158 2443 multae
2194 2416 2263 2443 res
2301 2401 2345 2442 in
2381 2400 2647 2458 philosophia

258 2486 532 2530 nequaquam
572 2470 671 2513 satis
708 2470 845 2513 adhuc
880 2470 1115 2527 explicatae
1145 2470 1247 2524 sint,
1286 2477 1376 2513 tum
1416 2469 1696 2527 perdifficilis,
1737 2470 1891 2523 Brute,
1931 2472 2047 2528 quod
2083 2477 2129 2514 tu
2167 2471 2337 2513 minime
2366 2470 2563 2526 ignoras,
2607 2479 2647 2514 et

258 2543 521 2602 perobscura
549 2540 741 2599 quaestio
770 2548 834 2584 est
862 2541 915 2584 de
944 2548 1096 2584 natura
1126 2541 1314 2585 deorum.
1373 2540 1438 2584 Id.
1468 2540 1588 2584 Lael.
1618 2541 1641 2584 7
1673 2544 1698 2595 ξ
1728 2542 1783 2585 23
1818 2541 1962 2594 Quum
1990 2543 2193 2600 plurimas
2223 2549 2265 2585 et
2292 2541 2498 2584 maximas
2537 2558 2645 2585 com-

259 2614 484 2656 moditates
513 2611 696 2655 amicitia
724 2612 947 2666 contineat,
976 2619 1065 2655 tum
1094 2612 1164 2655 illa
1192 2613 1389 2655 nimirum
1418 2619 1607 2670 praestat
1635 2614 1850 2667 omnibus,
1881 2614 1996 2671 quod
2024 2614 2183 2658 bonam
2212 2629 2332 2670 spem
2361 2614 2576 2670 praelucet
2604 2615 2646 2659 in

259 2691 477 2743 posterum
505 2699 586 2726 nec
615 2682 825 2725 debilitari
853 2683 1014 2725 animos
1043 2691 1117 2726 aut
1146 2683 1298 2727 cadere
1327 2684 1497 2742 patitur.

370 2754 520 2812 Nuper
548 2770 692 2812 quum.
751 2752 841 2796 Cic.
871 2753 924 2795 de
954 2754 1029 2796 Or.
1057 2755 1096 2808 3,
1124 2756 1175 2797 61
1208 2758 1234 2808 ξ
1263 2756 1357 2798 229.
1416 2755 1514 2811 Ego
1545 2770 1645 2796 vero
1677 2771 1770 2798 esse
1795 2756 1888 2811 jam
1916 2755 2055 2811 judico
2087 2762 2129 2798 et
2156 2762 2245 2797 tum
2268 2754 2477 2811 judicavi,
2518 2771 2645 2812 quum

261 2840 331 2867 me
375 2825 545 2867 consule
587 2825 630 2867 in
670 2831 819 2867 senatu
857 2840 1027 2866 causam
1064 2825 1253 2868 defendit
1294 2826 1467 2868 Africae
1506 2842 1724 2883 nuperque
1769 2826 1896 2869 etiam
1937 2827 2098 2884 magis,
2135 2842 2265 2884 quum
2305 2841 2382 2882 pro
2421 2824 2645 2884 Bithyniae

260 2911 365 2953 rege
396 2895 511 2937 dixit.
569 2895 632 2937 Id.
663 2895 718 2938 ad
745 2895 835 2937 Att.
868 2896 903 2949 1,
932 2895 960 2936 4
989 2898 1015 2949 ξ
1048 2897 1068 2937 1
1099 2896 1249 2953 Nuper
1279 2897 1476 2954 quidem,
1506 2912 1634 2953 quum
1657 2897 1750 2954 jam
1777 2905 1819 2940 te
1849 2898 2079 2941 adventare
2111 2898 2432 2950 arbitraremur,
2471 2906 2645 2955 repente

261 2967 340 3011 abs
367 2973 410 3009 te
438 2966 482 3008 in
510 2981 701 3009 mensem
721 2965 954 3018 Quintilem
983 2966 1127 3023 rejecti
1153 2982 1309 3010 sumus.
1367 2967 1462 3010 Liv.
1493 2967 1559 3022 28,
1587 2968 1641 3011 42
1668 2967 1721 3012 In
1751 2967 1903 3012 eodem
1932 2976 2093 3012 terrore
2123 2968 2298 3022 erimus,
2328 2966 2371 3010 in
2400 2982 2484 3025 quo
2511 2984 2646 3027 nuper

260 3039 431 3093 fuimus,
462 3053 592 3097 quum
620 3037 867 3081 Hasdrubal
898 3038 941 3080 in
970 3038 1136 3081 Italiam
1162 3039 1436 3083 transcendit.

396 3109 512 3154 Olim
541 3125 683 3168 quum.
742 3108 830 3154 Cic.
863 3110 917 3153 ad
945 3110 1067 3153 Fam.
1099 3111 1136 3166 7,
1165 3112 1219 3153 24
1248 3115 1274 3167 ξ
1307 3114 1327 3155 1
1373 3110 1508 3165 Olim,
1548 3126 1676 3169 quum
1714 3127 1897 3170 regnare
1927 3112 2297 3165 existimabamur,
2340 3126 2426 3153 non
2467 3118 2554 3155 tam
2591 3114 2644 3157 ab

260 3183 356 3226 ullis
386 3197 515 3240 quam
543 3182 625 3224 hoc
644 3188 835 3239 tempore
855 3182 1060 3226 observor
1089 3198 1114 3226 a
1133 3183 1467 3227 familiarissimis
1488 3181 1686 3226 Caesaris
1707 3183 1902 3226 omnibus
1921 3192 2092 3242 praeter
2109 3185 2248 3227 istum.
2292 3182 2430 3225 Plaut.
2450 3184 2525 3227 As.
2550 3186 2585 3240 l,
2605 3187 2643 3241 3,

259 3254 315 3296 53
350 3254 505 3311 Longe
543 3253 692 3307 aliam,
730 3253 925 3310 inquam,
968 3255 1150 3312 praebes
1189 3270 1322 3309 nunc,
1363 3262 1492 3312 atque
1532 3255 1649 3309 olim,
1691 3270 1820 3313 quom
1856 3255 2022 3298 dabam.
2089 3256 2263 3299 Terent.
2290 3254 2425 3296 Andr.
2454 3256 2493 3309 3,
2522 3256 2561 3311 3,
2593 3258 2644 3300 13

260 3325 405 3367 Alium
434 3340 529 3367 esse
560 3339 710 3366 censes
738 3339 851 3365 nunc
878 3340 945 3367 me
976 3332 1103 3383 atque
1133 3327 1244 3381 olim,
1275 3342 1403 3384 quom
1433 3326 1624 3368 dabam‘?
1680 3327 1744 3369 Id.
1772 3327 1944 3370 Phorm.
1963 3330 2003 3383 ὃ,
2023 3329 2062 3383 8,
2086 3329 2137 3371 19
2167 3326 2282 3371 Olim
2311 3341 2440 3383 quom
2468 3327 2643 3372 honeste

261 3396 409 3451 potuit,
437 3402 527 3438 tum
555 3410 643 3437 non
673 3401 738 3437 est
766 3394 888 3449 data3
928 3412 1040 3438 nunc
1067 3397 1240 3439 viduam
1269 3391 1436 3440 extrudi
1463 3404 1637 3454 turpest.
