2865 3772
1399 184 1426 223 5

231 319 381 376 (Graff
401 320 441 371 4,
473 317 597 372 1205)
608 347 620 369 ,
663 315 778 372 quod
805 317 919 356 valet
945 316 1058 356 unde
1087 323 1129 356 et
1155 331 1233 372 pro
1262 331 1346 372 quo
1374 331 1488 356 nunc
1516 315 1692 356 dicimus
1718 330 1804 355 von
1840 330 2044 366 wannen,
2088 315 2274 356 continet
2315 316 2597 357 accusativum
2681 356 2685 358 ,

229 393 354 433 hwan
381 392 407 431 i.
428 404 464 429 e.
495 403 637 443 quum.
683 386 839 443 Neque
859 387 1012 428 desunt
1029 387 1210 443 vestigia
1236 403 1385 429 sensus
1409 387 1520 429 illius
1544 386 1589 429 in
1609 403 1738 443 quum
1760 386 1866 443 ipso.
1923 384 1992 428 Ita
2019 384 2339 442 intelligendum
2366 384 2530 429 videtur
2554 386 2597 429 in

231 462 320 507 Cic.
350 461 425 505 Or.
454 474 533 516 pro
553 457 699 501 Plane.
728 458 781 501 41
812 461 838 512 ξ
866 458 921 502 99
961 456 1001 502 O
1031 457 1229 502 acerbam
1255 457 1358 502 mihi
1384 456 1632 502 memoriam
1656 457 1858 516 temporis
1885 456 1995 502 illius
2025 463 2068 501 et
2094 455 2187 512 loci,
2218 472 2348 515 quum
2371 455 2440 501 hic
2460 455 2503 501 in
2530 474 2597 502 me

229 533 393 586 incidit,
430 546 561 587 quum
587 530 832 587 complexus
854 537 918 573 est
939 530 1258 587 conspersitque
1279 530 1460 573 lacrimis
1482 545 1562 573 nec
1584 529 1701 587 loqui
1728 545 1831 587 prae
1859 545 2051 573 maerore
2079 528 2239 587 potuit!
2295 527 2380 572 Hic
2406 535 2453 571 ut
2471 544 2598 587 quum

231 605 286 648 ad
312 601 514 647 remotius
532 607 700 658 tempus
718 601 938 654 referatur,
957 601 1029 644 vix
1048 601 1310 658 potest‘fieri.
1354 599 1512 645 Similis
1532 601 1649 644 locus
1669 607 1734 644 est
1761 600 1874 658 apud
1898 599 2149 644 Ciceronem
2169 600 2223 643 de
2243 599 2329 644 Off.
2348 600 2388 655 3,
2413 600 2464 643 12
2492 601 2519 654 ἓ
2532 601 2598 644 50.

230 674 427 719 Incidunt
463 687 592 730 saepe
629 687 804 727 causae,
849 686 979 729 quum
1020 687 1262 730 repugnare
1303 672 1458 714 utilitas
1498 672 1709 714 honestati
1744 671 1949 726 videatur,
1977 671 2050 714 ubi
2080 687 2211 730 quum
2240 678 2306 714 est
2332 686 2410 729 pro
2439 671 2483 713 in
2512 671 2599 729 qui·

230 747 321 790 bus.
379 743 469 787 Sed
496 744 710 785 mittamus
737 744 848 785 hanc
875 757 978 797 rem,
1008 758 1117 800 quae
1143 744 1190 785 in
1215 750 1361 785 nostra
1388 743 1679 800 disquisitione
1707 743 1812 785 tanti
1839 744 2040 785 momenti
2067 758 2153 785 non
2183 749 2260 785 est.

365 815 590 871 Propriam
617 815 848 871 particulae
876 815 974 868 vim,
1004 830 1112 871 quae
1143 815 1287 856 similis
1316 822 1380 856 est
1406 821 1551 857 nostro
1579 829 1659 868 wo,
1688 821 1777 855 tum
1804 815 2068 871 potissimum
2092 814 2334 871 perspicere
2363 829 2602 871 possumus,

231 904 359 945 quum
386 886 570 942 pertinet
598 887 652 929 ad
681 887 988 928 substantivum
1015 887 1084 928 vel
1113 886 1361 928 adverbium
1384 886 1575 943 aliquod,
1606 893 1652 928 ut
1681 893 1870 943 tempus,
1900 886 2130 940 saeculum,
2159 902 2316 940 annus,
2347 885 2459 939 dies,
2491 901 2604 939 nox3

229 967 330 1012 tum,
361 957 472 1011 olim,
501 974 626 1011 nunc,
655 974 812 1014 nuper,
843 957 896 1001 de
925 958 1077 1014 quibus
1114 957 1224 1000 infra
1262 957 1439 1014 amplius
1477 957 1650 1001 dicetur.
1717 956 1816 1000 Hoc
1857 957 1949 1000 loco
1987 973 2125 1015 pauca
2161 957 2357 1016 exempla
2395 956 2605 1000 sufficiant

231 1030 319 1075 Cic.
348 1045 426 1087 pro
455 1028 600 1086 Ligar.
630 1029 653 1072 7
683 1031 710 1083 ξ
739 1030 794 1073 20
837 1028 914 1072 Ille
953 1045 1003 1073 eo
1041 1036 1233 1087 tempore
1269 1029 1430 1086 paruit,
1474 1045 1604 1087 quum
1638 1044 1791 1087 parere
1835 1029 1998 1072 senatui
2027 1044 2202 1072 necesse
2231 1036 2344 1084 erat3
2387 1043 2465 1071 vos
2504 1035 2605 1071 tunc

229 1101 439 1160 paruistiS,
470 1117 600 1158 quum
627 1100 767 1159 paruit
794 1116 940 1155 nem0,
978 1101 1050 1158 qui
1077 1101 1221 1144 noluit.
1278 1100 1342 1143 Id.
1371 1100 1479 1144 Phil.
1509 1102 1547 1156 2,
1578 1102 1605 1144 2
1633 1104 1659 1156 ξ
1689 1102 1717 1144 4
1745 1101 1926 1144 Poteras
1955 1107 2097 1144 autem
2125 1115 2176 1144 eo
2205 1108 2395 1159 tempore
2424 1115 2604 1158 augura·

229 1181 317 1216 tum
345 1179 504 1230 petere,
535 1189 664 1230 quum
691 1173 735 1215 in
763 1172 886 1216 Italia
914 1171 964 1217 C.
995 1171 1124 1217 Curio
1154 1189 1241 1216 non
1270 1173 1417 1216 esset?
1460 1180 1532 1217 aut
1571 1180 1682 1227 tum,
1729 1189 1858 1230 quum
1898 1189 1944 1217 es
1980 1174 2138 1228 factus,
2176 1188 2305 1216 unam
2331 1172 2486 1217 tribum
2516 1172 2605 1215 sine

232 1243 417 1289 Curione
445 1244 557 1287 ferre
586 1243 832 1302 potuisses?
888 1243 952 1287 Id.
983 1243 1036 1287 de
1065 1243 1141 1288 Or.
1170 1244 1210 1299 2,
1238 1245 1267 1287 5
1294 1246 1321 1298 ἓ
1341 1245 1393 1287 21
1422 1244 1519 1287 Hoc
1544 1245 1635 1301 ipso
1660 1251 1863 1302 tempore,
1893 1259 2023 1302 quum
2052 1245 2194 1287 omnia
2221 1244 2445 1302 gymnasia
2473 1243 2605 1301 philo·

232 1314 354 1372 sophi
390 1314 584 1368 teneant,
627 1321 770 1357 tamen
808 1330 954 1357 eorum
991 1315 1204 1357 auditores
1245 1314 1407 1357 discum
1444 1315 1590 1358 audire
1632 1330 1759 1372 quam
1787 1316 2084 1373 philosophum
2111 1316 2284 1358 malunt.
2343 1315 2407 1357 Id.
2437 1315 2522 1372 Ep.
2551 1315 2606 1357 ad

231 1385 317 1428 Att.
349 1385 413 1439 15,
444 1384 495 1427 13
523 1386 550 1439 ξ
582 1385 603 1427 1
653 1384 835 1437 Quando
873 1385 989 1427 illum
1029 1385 1160 1439 diem,
1201 1400 1331 1443 quum
1360 1390 1405 1427 tu
1435 1385 1644 1428 edendam
1673 1385 1943 1442 (orationem)
1971 1385 2132 1443 putes?
2189 1385 2253 1427 Id.
2285 1385 2338 1427 de
2368 1384 2454 1428 Off.
2483 1386 2522 1438 2,
2556 1386 2606 1426 19

232 1458 259 1509 ξ
287 1456 342 1497 65
379 1454 447 1497 Eo
476 1461 667 1512 tempore
697 1455 778 1497 hoc
807 1455 1002 1511 contigit,
1034 1470 1163 1511 quum
1191 1455 1227 1497 is
1256 1462 1389 1508 esset,
1419 1456 1492 1512 qui
1520 1470 1667 1498 omnes
1697 1457 1957 1512 superiores,
2000 1457 2152 1513 quibus
2180 1457 2341 1498 honore
2370 1471 2449 1513 par
2479 1464 2604 1508 esset,

233 1525 408 1569 scientia
434 1526 557 1568 facile
585 1526 766 1568 vicisset.
823 1525 888 1568 Id.
918 1541 995 1583 pro
1024 1525 1134 1568 Mur.
1164 1526 1217 1569 38
1243 1528 1270 1580 ἓ
1299 1526 1354 1569 82
1389 1525 1474 1578 Qui
1501 1527 1619 1570 locus
1649 1533 1732 1580 est,
1763 1527 1878 1584 quod
1904 1534 2093 1584 tempus,
2123 1527 2194 1584 qui
2222 1527 2335 1580 dies,
2366 1541 2475 1583 quae
2505 1541 2603 1579 nox,

233 1613 362 1656 quum
391 1613 473 1656 ego
502 1612 589 1641 non
617 1612 672 1640 ex
699 1597 875 1640 istorum
903 1596 1064 1640 insidiis
1093 1613 1144 1641 ac
1170 1596 1443 1640 mucronibus
1470 1612 1557 1641 non
1581 1598 1716 1641 solum
1744 1613 1852 1652 meo,
1883 1597 1959 1641 sed
1986 1598 2116 1640 multo
2145 1598 2270 1641 etiam
2297 1598 2433 1654 magis
2463 1597 2604 1639 divino

232 1669 404 1712 consilio
447 1669 602 1728 eripiar
643 1676 770 1728 atque
812 1669 1014 1712 evolem?
1069 1669 1134 1712 Id.
1163 1684 1240 1728 pro
1270 1669 1416 1712 Plane.
1445 1670 1499 1711 26
1539 1671 1565 1724 ξ
1594 1670 1649 1712 65
1692 1670 1752 1712 At
1787 1685 1895 1727 ego,
1939 1684 2068 1727 quum
2109 1684 2209 1711 casu
2247 1669 2396 1711 diebus
2431 1669 2482 1711 iis
2512 1702 2521 1710 .
2553 1702 2560 1709 .
2595 1702 2602 1710 .

230 1741 433 1783 Puteolos
470 1741 580 1782 forte
619 1741 851 1795 venissem,
895 1756 1024 1799 quum
1064 1741 1231 1798 plurimi
1273 1748 1315 1783 et
1343 1740 1563 1782 lautissimi
1600 1741 1643 1782 in
1685 1741 1735 1782 iis
1774 1741 1876 1782 locis
1917 1741 2054 1782 solent
2095 1756 2211 1793 esse,
2255 1740 2417 1781 concidi
2456 1755 2603 1797 paene.

231 1812 339 1854 Ibid.
367 1814 422 1853 42
451 1816 477 1866 ἓ
509 1814 599 1854 101.
657 1811 857 1865 Memini,
897 1812 1089 1865 memini,
1127 1827 1267 1868 neque
1295 1828 1482 1869 unquam
1511 1813 1734 1854 obliviscar
1773 1813 1908 1854 noctis
1945 1813 2076 1865 illius,
2117 1828 2247 1868 quum
2287 1812 2363 1853 tibi
2403 1811 2604 1867 vigilanti,

233 1883 454 1936 assidenti,
499 1883 704 1939 maerenti
745 1898 857 1924 vana
898 1882 1108 1939 quaedam
1146 1883 1275 1924 miser
1314 1890 1440 1939 atque
1481 1883 1624 1925 inania
1662 1883 1770 1925 falsa
1812 1899 1888 1939 spe
1925 1882 2121 1924 inductus
2159 1882 2402 1939 pollicebar.
2459 1881 2522 1924 Id.
2552 1881 2605 1924 de

232 1952 298 1994 Re
316 1953 432 2010 publ.
462 1954 500 2006 2,
524 1954 576 1995 10
604 1955 630 2006 ξ
653 1953 703 1994 18
745 1951 799 1994 In
824 1952 867 1994 id
897 1952 1109 1994 saeculum
1138 1951 1308 1994 Romuli
1338 1952 1487 1995 cecidit
1514 1960 1644 2006 aetas,
1675 1969 1805 2010 quum
1829 1953 1921 2009 jam
1950 1953 2078 2009 plena
2105 1951 2290 1996 Graecia
2318 1959 2537 2010 poetarum
2565 1959 2607 1995 et

232 2024 486 2066 musicorum
515 2031 638 2067 esset.
694 2023 758 2066 Id.
790 2022 845 2066 ad
872 2023 993 2066 Fam.
1026 2024 1088 2078 15,
1121 2024 1173 2066 14
1201 2026 1227 2078 ξ
1259 2025 1280 2066 1
1324 2022 1447 2067 Multi
1475 2024 1574 2067 anni
1604 2031 1711 2079 sunt,
1746 2040 1875 2082 quum
1903 2023 1972 2067 ille
2000 2024 2043 2067 in
2073 2040 2172 2068 aere
2200 2040 2297 2068 meo
2327 2031 2402 2068 est.
2459 2023 2522 2067 Id.
2552 2023 2605 2068 ad

232 2095 319 2140 Att.
352 2096 415 2151 12,
448 2096 498 2139 18
528 2098 554 2151 ξ
586 2096 606 2139 1
647 2094 846 2153 Longum
875 2094 978 2139 illud
1004 2101 1193 2153 tempus,
1239 2110 1368 2153 quum
1404 2111 1489 2139 non
1526 2111 1621 2151 ero,
1664 2095 1801 2154 magis
1841 2111 1908 2140 me
1948 2102 2092 2140 movet
2129 2111 2257 2155 quam
2285 2095 2366 2140 hoc
2394 2095 2603 2153 exiguum.

234 2164 306 2210 Sic
333 2182 412 2210 nos
441 2181 610 2224 quoque
640 2167 842 2210 adverbia
869 2174 1015 2210 nostra
1041 2166 1217 2210 relativa
1244 2182 1332 2221 wo,
1377 2182 1521 2221 wenn,
1564 2166 1618 2210 da
1653 2167 1855 2210 adhibere
1882 2182 2120 2225 possumus.
2177 2166 2346 2211 Goethe
2376 2183 2385 2209 :
2415 2167 2490 2209 Ich
2518 2181 2606 2209 war

232 2237 275 2281 in
301 2237 384 2282 den
412 2237 683 2296 gliicklichen
711 2237 743 2284 J
745 2238 897 2293 ahren,
927 2253 993 2282 wo
1023 2253 1103 2282 uns
1130 2237 1240 2281 noch
1269 2238 1372 2282 alles
1400 2237 1572 2296 gefallt,
1611 2253 1677 2282 wo
1707 2237 1783 2281 wir
1812 2238 1855 2282 in
1884 2237 1961 2282 der
1987 2237 2147 2297 Menge
2175 2237 2262 2282 und
2290 2237 2606 2296 Abwechslung

232 2322 384 2354 unsere
412 2309 724 2369 Befriedigung
751 2310 907 2354 finden.
960 2310 1024 2353 Id.
1063 2310 1148 2353 Die
1177 2310 1295 2366 Zeit,
1337 2310 1392 2353 da
1418 2310 1486 2353 ich
1516 2310 1583 2353 die
1611 2309 1850 2353 Akademie
1877 2310 2093 2353 besuchen
2122 2310 2254 2365 sollte,
2280 2309 2430 2360 ,riickte
2459 2309 2603 2351 heran.

234 2379 412 2424 Schiller
442 2397 451 2423 :
492 2381 531 2425 O
571 2382 752 2424 schoner
787 2382 906 2439 Tag,
947 2396 1072 2424 wenn
1109 2382 1277 2423 endlich
1316 2382 1392 2424 der
1428 2381 1579 2424 Soldat
1619 2383 1685 2423 ins
1726 2382 1877 2424 Leben
1919 2383 2181 2436 heimkehrt,
2224 2382 2266 2423 in
2303 2381 2369 2423 die
2407 2380 2604 2423 Mensch-

233 2453 414 2496 lichkeit.

368 2524 420 2565 In
449 2525 656 2577 omnibus,
686 2539 793 2579 quos
821 2524 951 2576 attuli,
980 2524 1083 2564 locis
1111 2524 1251 2565 latinis
1281 2525 1488 2566 ablativus
1515 2526 1776 2581 pronominis
1804 2526 1967 2567 relativi
1995 2540 2073 2581 pro
2103 2540 2231 2581 quum
2255 2524 2357 2581 poni
2384 2524 2607 2581 potuisset,

233 2592 279 2633 in
313 2595 524 2636 nonnullis
568 2595 694 2637 etiam
734 2610 813 2651 per
849 2610 944 2636 cum
979 2594 1218 2636 accusativo
1256 2595 1329 2650 (cf.
1373 2594 1461 2637 Cic.
1491 2594 1547 2636 ad
1585 2594 1707 2636 Fam.
1752 2596 1823 2648 15,
1863 2596 1915 2636 14
1956 2598 1983 2649 ξ
2016 2597 2065 2649 13
2107 2594 2161 2636 ad
2188 2595 2276 2635 Att.
2308 2593 2380 2648 12,
2412 2594 2464 2635 18
2504 2596 2531 2648 ξ
2564 2595 2607 2650 1)

235 2669 277 2706 et
317 2665 360 2707 in
402 2666 618 2709 simillimis
658 2666 876 2709 sententiis
917 2665 1044 2709 modo
1084 2681 1215 2709 unum
1256 2666 1383 2710 modo
1425 2667 1602 2710 alterum
1637 2666 1872 2721 invenitur,
1916 2666 1968 2709 cf.
2007 2666 2095 2710 Cic.
2135 2665 2188 2708 de
2217 2663 2304 2709 Off.
2337 2667 2373 2720 1,
2407 2667 2459 2710 10
2498 2668 2526 2721 ξ
2555 2665 2606 2709 31

233 2732 430 2781 Incidunt
458 2751 586 2796 saepe
614 2742 819 2795 tempora,
851 2751 980 2795 quum
1009 2750 1072 2792 ea,
1102 2750 1212 2795 quae
1240 2737 1423 2782 maxime
1451 2737 1645 2782 videntur
1673 2737 1804 2796 digna
1831 2751 1926 2781 esse
1949 2737 2065 2795 justo
2094 2736 2265 2780 homine
2294 2750 2447 2796 eoque,
2482 2751 2607 2797 quem

234 2805 369 2849 virum
388 2806 547 2852 bonum
566 2807 754 2864 dicimu8‚
779 2814 1088 2852 commutantur
1112 2808 1303 2867 fiuntque
1321 2810 1540 2853 contraria.
1577 2810 1641 2853 Id.
1656 2809 1766 2852 Phil.
1781 2810 1820 2864 2,
1844 2811 1895 2853 10
1923 2812 1950 2864 ἓ
1968 2809 2023 2851 24
2050 2809 2150 2851 Duo
2170 2815 2316 2852 tamen
2334 2816 2530 2868 tempora
2547 2810 2607 2851 in-

234 2877 436 2936 ciderunt,
466 2881 619 2940 quibus
638 2881 797 2940 aliquid
816 2887 963 2925 contra
982 2880 1214 2926 Caesarem
1232 2881 1442 2943 Pompejo
1471 2883 1686 2927 suaserim.
1742 2883 1814 2936 At,
1845 2881 1996 2923 dixerit
2023 2881 2130 2939 quis,
2159 2882 2197 2924 si
2222 2896 2294 2924 res
2322 2883 2382 2924 sic
2401 2896 2447 2924 se
2466 2883 2606 2937 habet,

234 2952 445 3006 quomodo
476 2969 605 3011 quum
634 2954 897 2996 accusativus
923 2969 1017 2996 esse
1037 2954 1214 3011 potest?
1272 2952 1530 3010 Respondeo
1555 2966 1565 2992 ε
1594 2950 1716 2992 Idem
1745 2950 1855 2991 cadit
1877 2949 1921 2989 in
1938 2956 2029 2989 tum
2049 2955 2092 2990 et
2116 2964 2197 3003 em,
2228 2950 2282 2991 de
2312 2950 2464 3007 quibus
2480 2964 2607 3006 supra

235 3018 403 3076 dictum,
419 3024 546 3066 etiam
558 3032 646 3067 tam
670 3031 712 3066 et
726 3040 866 3082 quam,
896 3040 1006 3082 quae
1025 3025 1168 3067 valent
1184 3031 1407 3082 tantopere
1427 3029 1469 3065 et
1487 3027 1761 3079 quantopere,
1788 3025 1884 3061 sunt
1903 3020 2133 3062 accusativi
2153 3027 2196 3063 et
2213 3028 2356 3063 tamen
2375 3021 2608 3077 funguntur

232 3105 408 3135 munere
428 3096 611 3138 ablativi.
649 3094 834 3138 Omnino
850 3103 991 3138 autem
1007 3095 1340 3138 obliviscendum
1359 3111 1445 3137 non
1458 3099 1532 3146 est,
1557 3092 1808 3149 pronomina
1821 3091 2054 3148 peculiaria
2078 3092 2211 3135 multa
2234 3099 2276 3135 et
2294 3092 2349 3135 ad
2369 3092 2547 3134 formam
2566 3099 2609 3134 et

235 3161 290 3203 ad
317 3177 440 3205 usum
469 3182 522 3208 ex
558 3165 741 3223 antiquis
778 3166 1041 3223 temporibus
1078 3182 1283 3209 servasse.
1355 3164 1511 3208 Similis
1555 3163 1817 3206 accusativus
1860 3169 1926 3205 est
1964 3164 2169 3220 primum,
2213 3163 2328 3220 quod
2368 3163 2609 3220 oppositum

232 3231 362 3274 habet
390 3243 618 3291 postremo.
674 3236 727 3278 Id
756 3252 926 3293 quoque
952 3236 1373 3279 animadvertendum
1402 3241 1485 3288 est,
1522 3234 1710 3290 linguam
1746 3233 1921 3276 latinam
1957 3249 2044 3276 non
2079 3234 2203 3276 nimis
2241 3248 2387 3276 severe
2416 3234 2607 3290 regulam

236 3302 476 3362 observare,
507 3324 616 3366 quae
646 3308 699 3351 de
726 3314 815 3351 toto
846 3323 896 3351 ac
924 3307 1122 3351 continuo
1149 3307 1353 3366 temporis
1382 3306 1516 3365 spatio
1546 3305 1852 3359 accusativum,
1894 3305 1947 3349 de
1975 3312 2097 3363 parte
2125 3305 2328 3363 temporis
2355 3304 2424 3347 vel
2451 3311 2608 3362 puncto

234 3373 465 3419 ablativum
502 3379 603 3436 poni
635 3379 781 3436 jubet,
818 3385 865 3421 ut
899 3376 988 3421 Cic.
1027 3377 1080 3421 de
1115 3377 1216 3421 Nat.
1257 3378 1389 3421 Deor.
1417 3377 1456 3430 2,
1485 3377 1540 3419 52
1568 3379 1595 3430 ξ
1626 3377 1706 3420 130
1743 3378 1993 3434 Aegyptum
2027 3376 2151 3420 Nilus
2184 3377 2332 3432 irrigat
2373 3382 2437 3430 et,
2480 3391 2609 3433 quum
