2865 3772
1404 197 1449 237 ll

230 329 359 382 Quod
382 330 454 386 jus
483 329 604 370 civile
630 334 719 370 tam
748 329 1024 370 vehementer
1052 330 1273 386 amplexus
1302 344 1360 382 es,
1390 329 1530 382 video,
1561 329 1662 385 quid
1693 330 1857 385 egeris3
1902 336 2004 382 tum,
2035 345 2164 386 quum
2194 331 2378 384 dicebas,
2407 333 2614 375 videbam.

231 402 294 443 Id.
322 401 432 442 Phil.
461 401 524 452 13,
553 401 610 441 20
633 403 661 452 ξ
688 400 742 441 47
771 399 916 441 Pansa
946 407 988 441 et
1015 400 1192 453 Hirtius,
1220 401 1291 456 qui
1321 401 1443 456 quasi
1472 415 1631 441 cornua
1660 400 1743 441 duo
1767 407 1996 441 tenuerunt
2015 399 2212 442 Caesaris
2230 409 2333 455 tum,
2362 418 2490 459 quum
2517 405 2613 446 illae

230 487 330 514 vere
360 477 504 528 partes
532 471 807 513 vocabantur.
864 471 929 513 Id.
960 471 1013 513 de
1043 468 1130 513 Off.
1159 471 1207 523 3,
1236 471 1289 512 27
1328 474 1354 523 ξ
1387 472 1465 513 100
1501 470 1634 524 Tum,
1677 486 1806 527 quum
1842 471 2058 527 vigilando
2101 473 2331 515 necabatur
2370 472 2612 530 (Regulus),

232 549 322 585 erat
350 542 394 583 in
422 542 596 584 meliore
625 558 767 595 causa,
798 558 925 599 quam
956 543 990 583 si
1020 542 1132 584 domi
1162 556 1295 583 senex
1324 543 1528 598 captivus,
1557 542 1754 599 perjurus
1775 543 2006 584 consularis
2025 544 2308 586 remansisset.
2366 544 2430 586 Id.
2457 545 2500 586 in
2520 544 2612 588 Cat.

230 615 268 667 3,
299 614 326 655 2
355 615 381 666 ξ
410 613 437 655 3
467 613 592 667 Tum,
622 630 751 670 quum
783 630 836 656 ex
865 614 970 656 urbe
1002 612 1227 657 Catilinam
1257 613 1476 670 ejiciebam
1508 647 1516 656 .
1548 647 1557 656 .
1589 647 1597 656 .
1627 620 1737 668 tum,
1779 628 1908 671 quum
1946 613 2062 656 illum
2100 615 2367 658 exterminari
2405 615 2612 671 volebam,

232 691 304 727 aut
331 684 537 742 reliquam
568 684 883 741 conjuratorum
912 700 1083 727 manum
1114 684 1236 727 simul
1266 684 1484 739 exituram,
1515 693 1588 727 aut
1616 698 1702 738 θος,
1733 684 1805 742 qui
1834 684 2097 739 restitissent,
2131 685 2319 728 infirmos
2346 686 2436 729 sine
2465 687 2535 728 illo
2565 702 2612 729 ac

232 756 393 799 debiles
421 756 512 798 fore
541 756 756 814 putabam.
813 756 878 799 Id.
909 755 1036 799 Tusc.
1067 755 1244 808 Quaest.
1273 757 1312 810 5,
1342 756 1397 799 20
1425 759 1451 809 ξ
1480 756 1533 798 57
1562 755 1631 798 Ea
1658 756 1763 812 ipsa,
1795 771 1904 813 quae
1934 757 2207 814 concupierat
2235 757 2529 815 (Dionysius),
2559 773 2614 800 ne

230 834 319 869 tum
363 827 558 885 quidem,
603 843 731 885 quum
771 827 911 870 omnia
950 843 994 870 se
1030 843 1157 885 posse
1194 827 1418 880 censebat,
1460 827 1812 882 consequebatur.
1869 826 1932 868 Id.
1963 827 2071 868 Phil.
2100 828 2139 881 2,
2169 827 2224 868 39
2255 831 2280 881 ξ
2313 830 2391 870 100
2421 827 2461 870 Ο
2491 843 2613 885 prae-

233 899 387 941 claram
416 899 528 941 illam
556 899 918 957 percursationem
947 905 1062 941 tuam
1091 913 1238 941 mense
1267 898 1405 955 Aprili
1434 904 1561 955 atque
1591 897 1721 954 Majo,
1751 904 1839 939 tum
1871 913 1998 954 quum
2029 899 2154 940 etiam
2183 898 2374 956 Capuam
2405 901 2612 941 coloniam

232 971 441 1012 deducere
472 977 647 1012 conatus
678 972 749 1012 es!
807 970 871 1012 Id.
902 971 1044 1012 Divin.
1077 973 1113 1024 1,
1146 971 1196 1011 17
1235 972 1262 1022 ξ
1291 970 1346 1011 30
1382 970 1450 1011 Eo
1480 970 1622 1026 (lituo)
1660 969 1867 1011 Romulus
1905 971 2103 1025 regiones
2143 970 2295 1011 direxit
2330 978 2440 1023 tum,
2482 987 2612 1028 quum

230 1043 378 1085 urbem
408 1042 606 1085 condidit.
665 1041 729 1084 Id.
761 1041 815 1084 ad
844 1041 964 1085 Fam.
996 1042 1033 1097 7,
1062 1042 1118 1084 30
1146 1044 1172 1095 ξ
1205 1042 1226 1083 1
1258 1040 1353 1084 Nae
1382 1048 1427 1084 tu
1456 1041 1613 1084 videris
1642 1042 1771 1084 multo
1802 1048 1899 1084 ante
1936 1041 2185 1098 providisse,
2216 1042 2315 1099 quid
2349 1043 2614 1100 impenderet

228 1121 336 1168 tum,
368 1129 498 1171 quum
526 1114 624 1154 hine
652 1114 889 1171 profugisti.
947 1113 1011 1155 Id.
1043 1113 1097 1155 ad
1124 1114 1213 1155 Att.
1248 1114 1311 1165 10,
1336 1113 1361 1154 8
1390 1112 1427 1154 B
1459 1116 1485 1165 ξ
1518 1114 1538 1154 1
1570 1113 1734 1154 Eadem
1766 1113 1932 1168 (causa)
1962 1120 2049 1154 tum
2079 1113 2178 1166 fuit,
2218 1129 2346 1169 quum
2376 1115 2429 1155 ab
2467 1130 2614 1156 eorum

230 1186 411 1227 consiliis
441 1186 591 1227 abesse
614 1186 827 1241 judicasti.
888 1184 953 1226 Id.
985 1185 1037 1226 de
1066 1184 1161 1226 Fin.
1191 1185 1230 1238 5,
1257 1185 1312 1226 30
1341 1187 1367 1236 ξ
1396 1184 1451 1225 92
1488 1183 1587 1236 Ille,
1626 1184 1657 1225 si
1691 1184 1881 1240 sapiens,
1913 1200 1965 1225 ne
1995 1191 2084 1225 tum
2114 1184 2284 1240 quidem
2313 1185 2451 1237 miser,
2482 1201 2611 1241 quum

229 1257 281 1299 ab
314 1255 474 1300 Oroete
503 1263 700 1313 praetore
727 1256 859 1298 Darei
888 1257 929 1298 in
960 1271 1127 1298 crucem
1159 1263 1277 1298 actus
1307 1262 1383 1297 est.
1442 1254 1505 1297 Id.
1536 1254 1619 1312 Ep.
1650 1254 1703 1297 ad
1731 1254 1852 1297 Fam.
1882 1256 1920 1308 9,
1952 1256 1975 1296 7
2006 1258 2032 1308 ξ
2066 1257 2084 1297 1
2127 1255 2266 1309 Nunc,
2298 1271 2427 1313 quum
2457 1256 2610 1313 (Orcll.

229 1328 447 1384 quoniam)
477 1329 671 1370 confecta
699 1335 797 1369 sunt.
824 1328 977 1381 omnia,
1008 1327 1285 1369 dubitandum
1315 1342 1401 1368 non
1433 1333 1498 1369 est
1526 1333 1604 1368 etc.
1661 1325 1725 1368 Id.
1747 1326 1829 1383 Ep.
1858 1327 1911 1368 ad
1938 1326 2026 1369 Att.
2060 1328 2123 1380 11,
2156 1328 2207 1369 16
2237 1330 2263 1380 ξ
2287 1329 2307 1369 1
2339 1327 2455 1370 Nihil
2484 1329 2610 1371 video

229 1399 342 1456 quod
372 1399 628 1457 sperandum
656 1406 815 1457 putem,
844 1415 957 1442 nunc
983 1399 1256 1457 praesertim,
1296 1414 1426 1457 quum
1456 1413 1508 1441 ea
1535 1397 1665 1456 plaga
1693 1397 1735 1440 in
1764 1397 1869 1440 Asia
1898 1398 1950 1440 sit
1977 1404 2163 1456 accepta.
2220 1398 2284 1441 Id.
2315 1398 2369 1442 ad
2397 1400 2486 1442 Att.
2515 1400 2555 1453 6,
2588 1401 2609 1442 1

229 1473 254 1525 ξ
288 1471 339 1514 13
367 1470 490 1514 Haec
518 1485 604 1514 non
630 1485 777 1514 noram
806 1477 908 1526 tum,
939 1486 1068 1529 quum
1098 1470 1469 1513 eumDemocrito
1498 1476 1571 1510 tuo
1601 1469 1765 1510 locutus
1799 1484 1903 1510 sum.
1960 1469 2024 1511 Id.
2053 1485 2131 1528 pro
2160 1470 2268 1527 Leg.
2297 1470 2414 1513 Man.
2446 1472 2469 1512 7
2500 1474 2527 1525 ξ
2560 1472 2612 1513 19

228 1542 353 1596 Tum,
383 1558 513 1599 quum
544 1544 587 1585 in
615 1544 722 1585 Asia
749 1557 819 1585 res
856 1558 1036 1599 magnas
1073 1543 1269 1600 permulti
1308 1542 1556 1593 amiserant,
1602 1540 1757 1581 scimus
1793 1540 1958 1582 Romae
1997 1541 2203 1583 solutione
2242 1542 2444 1598 impedita
2480 1543 2611 1584 fidem

227 1613 473 1656 concidisse.
532 1612 633 1657 Sen.
662 1614 746 1671 Ep.
776 1614 830 1656 26
859 1612 974 1665 Quid
1004 1613 1155 1670 egeris,
1184 1619 1284 1654 tunc
1313 1611 1553 1669 apparebit,
1595 1626 1725 1668 quum
1755 1611 1939 1653 animam
1969 1627 2085 1668 ages.
2145 1611 2233 1654 Cic.
2262 1627 2339 1669 pro
2369 1611 2540 1664 Quinct.
2570 1614 2609 1667 2,

227 1686 253 1737 ξ
283 1684 309 1726 8
338 1684 406 1727 Ita
432 1684 491 1738 fit,
521 1690 568 1726 ut
596 1698 692 1741 ego,
723 1685 794 1741 qui
822 1685 908 1726 tela
937 1684 1150 1741 depellere
1180 1689 1223 1725 et
1249 1683 1494 1724 vulneribus
1522 1682 1683 1723 mederi
1714 1682 1905 1736 debeam,
1935 1690 2024 1724 tum
2053 1683 2096 1724 id
2126 1683 2267 1725 facere
2296 1699 2448 1740 cogar,
2479 1700 2610 1741 quum

227 1756 353 1798 etiam
379 1756 510 1798 telum
539 1756 807 1798 adversarius
836 1757 996 1798 nullum
1018 1755 1190 1811 jecerit,
1230 1755 1310 1796 illis
1347 1762 1486 1796 autem
1515 1754 1557 1795 id
1584 1761 1753 1812 tempus
1781 1754 2059 1812 impugnandi
2089 1754 2235 1809 detur,
2279 1771 2407 1813 quum
2449 1756 2609 1798 vitandi

225 1827 392 1869 illorum
419 1827 602 1884 impetus
630 1833 820 1884 potestas
849 1827 1050 1884 adempta
1077 1827 1201 1868 nobis
1230 1827 1319 1869 erit.

358 1898 428 1941 Ex
457 1898 522 1941 his
552 1898 757 1955 exemplis
787 1898 1104 1954 cognoscimus,
1142 1904 1232 1940 tum
1261 1913 1390 1955 quum
1420 1897 1561 1940 omnia
1590 1897 1811 1940 admittere
1841 1904 2058 1955 tempora,
2098 1913 2212 1940 nunc
2247 1913 2376 1956 quum
2404 1913 2607 1957 praesens

226 1977 268 2012 et
296 1970 531 2027 perfectum
561 1969 674 2026 quod
703 1976 859 2012 vocant
887 1970 1137 2012 absolutum.
1195 1969 1307 2012 Tum
1338 1984 1489 2026 quum,
1531 1969 1696 2011 duobus
1734 1969 1836 2011 locis
1879 1969 2091 2026 exceptis,
2132 1985 2301 2027 semper
2337 1969 2606 2013 indicativum

225 2047 322 2097 post
351 2056 395 2082 se
424 2040 577 2095 habet3
617 2056 728 2082 nunc
765 2056 894 2097 quum
936 2041 1066 2083 semel
1096 2040 1368 2082 indicativum
1398 2047 1441 2082 et
1469 2041 1599 2082 semel
1630 2040 1943 2096 conjunctivum
1974 2041 2152 2098 perfecti
2189 2041 2414 2098 temporis,
2459 2048 2605 2098 quater

225 2111 536 2167 conjunctivum
565 2112 801 2168 praesentis
831 2118 873 2154 et
903 2112 1073 2168 quidem
1101 2112 1145 2153 in
1176 2112 1384 2154 sententia
1413 2112 1553 2165 alteri,
1592 2112 1665 2153 ubi
1701 2118 1790 2153 tum
1831 2126 1961 2168 quum
2001 2118 2085 2165 est,
2123 2111 2330 2169 opposita.
2388 2111 2473 2154 Ubi
2507 2126 2603 2153 con-

218 2182 434 2239 junctivus
463 2189 550 2235 est,
590 2198 702 2224 nunc
731 2189 773 2225 et
809 2188 897 2224 tum
938 2183 1176 2239 significant
1217 2183 1289 2224 tali
1328 2189 1533 2239 tempore.
1604 2182 1865 2224 Indicativus
1903 2190 2071 2240 tempus
2108 2183 2270 2240 ipsum,
2317 2182 2604 2239 conjunctivus

225 2261 378 2296 statum
407 2254 546 2311 potius
576 2254 644 2296 vel
674 2269 845 2296 causam
872 2254 1041 2296 indicat.
1099 2253 1181 2296 Est
1208 2260 1363 2307 tamen,
1394 2254 1466 2296 ubi
1494 2254 1646 2295 modus
1673 2261 1852 2311 uterque
1874 2254 1964 2296 sine
1983 2255 2068 2296 ullo
2088 2255 2177 2296 fere
2198 2270 2345 2295 sensus
2366 2253 2603 2295 discrimine

224 2332 418 2383 ponatur.
475 2324 707 2382 Perspicue
736 2325 779 2367 id
809 2325 963 2375 docent
992 2325 1074 2367 duo
1104 2324 1184 2367 loci
1214 2340 1268 2367 ex
1298 2323 1517 2368 Ciceronis
1548 2324 1623 2367 Or.
1653 2339 1731 2381 pro
1760 2323 1870 2366 Mur.
1902 2325 2027 2379 allati,
2058 2325 2208 2381 quibus
2233 2324 2343 2365 addo
2371 2324 2454 2365 duo
2484 2325 2603 2378 alios,

223 2396 295 2438 ubi
335 2395 587 2439 indicativus
631 2403 673 2439 et
714 2396 1005 2453 conjunctivus
1043 2396 1168 2454 plane
1211 2396 1362 2439 eodem
1401 2411 1528 2438 sensu
1566 2396 1784 2438 exsistunt.
1841 2395 1927 2438 Cic.
1960 2396 2012 2437 de
2043 2395 2147 2452 Leg.
2176 2396 2282 2452 Agr.
2311 2395 2359 2449 2,
2397 2395 2452 2436 24
2491 2398 2517 2449 ξ
2547 2396 2603 2438 64

223 2466 369 2510 Unum
412 2467 493 2509 hoc
537 2474 651 2510 certe
693 2467 842 2510 videor
881 2467 982 2509 mihi
1024 2467 1241 2510 verissime
1284 2483 1412 2525 posse
1456 2467 1597 2509 dicere
1626 2483 1636 2508 :
1665 2473 1775 2520 tum,
1816 2482 1942 2523 quum
1981 2467 2156 2508 haberet
2190 2466 2296 2508 haec
2332 2481 2402 2508 res
2430 2467 2603 2524 publica

222 2538 453 2594 Luscinos,
484 2537 725 2594 Calatinos,
754 2539 980 2594 Acidinos,
1024 2538 1215 2581 homines
1252 2553 1338 2580 non
1376 2538 1512 2580 solum
1546 2537 1776 2578 honoribus
1812 2537 1957 2593 populi
1994 2536 2207 2594 rebusque
2250 2537 2408 2593 gestis,
2452 2552 2602 2579 verum

223 2597 357 2654 etiam.
378 2611 583 2669 patientia
610 2612 873 2669 paupertatis
903 2618 1087 2666 ornatos,
1117 2617 1159 2654 et
1185 2617 1288 2664 tum,
1319 2625 1448 2668 quum
1478 2614 1598 2652 erant
1628 2607 1836 2661 Catones,
1865 2607 1995 2662 Phili,
2037 2608 2193 2662 Laelii,
2225 2623 2405 2665 quorum
2435 2610 2602 2667 sapien-

221 2684 323 2726 tiam
365 2683 774 2742 temperantiamque
814 2683 857 2724 in
902 2683 1082 2741 publicis
1120 2682 1379 2740 privatisque
1394 2714 1405 2735 ,
1453 2679 1692 2722 forensibus
1737 2679 2061 2736 domesticisque
2101 2680 2228 2721 rebus
2270 2682 2602 2737 perspexeratis,

221 2761 363 2796 tamen
404 2756 581 2811 hujusce
621 2755 737 2796 modi
777 2770 846 2796 res
890 2755 1113 2796 commissa
1153 2754 1309 2796 nemini
1347 2761 1422 2796 est.
1491 2751 1554 2794 Id.
1585 2751 1626 2791 in
1656 2750 1742 2792 Pis.
1776 2751 1827 2791 13
1856 2753 1882 2803 ξ
1910 2751 1964 2792 29
1999 2751 2069 2792 An
2106 2757 2195 2792 tum
2235 2752 2364 2794 eratis
2393 2753 2601 2806 consules,

223 2836 366 2878 quum,
396 2836 648 2878 quacunque
679 2821 731 2863 de
759 2836 806 2863 re
833 2820 1012 2863 verbum
1040 2820 1180 2863 facere
1209 2820 1442 2876 coeperatis
1472 2827 1544 2863 aut
1571 2820 1730 2863 referre
1760 2820 1815 2863 ad
1844 2827 2048 2874 senatum,
2078 2828 2254 2864 cunctus
2275 2821 2380 2864 ordo
2400 2823 2600 2865 reclama-

221 2892 296 2935 bat
324 2892 661 2950 ostendebatque
688 2892 792 2934 nihil
821 2907 914 2935 esse
943 2907 1021 2934 vos
1050 2898 1237 2945 acturos,
1274 2890 1353 2933 nisi
1391 2891 1508 2949 prius
1538 2891 1590 2935 de
1616 2907 1684 2935 me
1712 2891 2015 2935 rettulissetis‘?
2053 2907 2184 2949 quum
2218 2908 2318 2948 vos,
2357 2908 2600 2951 quanquam

219 2963 393 3005 foedere
423 2964 613 3005 obstricti
649 2964 929 3017 tenebamini,
967 2971 1109 3005 tamen
1148 2978 1301 3019 cupere
1329 2978 1406 3004 vos
1436 2963 1651 3016 diceretis,
1693 2963 1768 3005 sed
1804 2964 1898 3018 lege
1928 2963 2158 3019 impediri?
2214 2964 2382 3006 Eadem
2423 2966 2599 3006 variatio

221 3033 332 3076 infra
359 3033 482 3076 nobis
511 3040 715 3076 occurret.
771 3033 1013 3076 Discrimen
1042 3048 1189 3075 sensus
1219 3032 1289 3089 qui
1318 3033 1465 3075 volunt
1493 3034 1736 3091 explorare,
1766 3033 1955 3089 argutius
1988 3049 2117 3091 quam
2148 3035 2303 3077 rectius
2331 3035 2471 3077 facere
2498 3035 2599 3076 mihi

221 3104 428 3148 videntur.
486 3105 627 3148 Licuit
654 3105 860 3148 Romanis
887 3105 1240 3148 constructionem
1278 3103 1345 3146 hic
1383 3104 1547 3147 variare
1587 3104 1820 3161 eademque
1858 3104 2053 3149 libertate
2093 3106 2158 3149 usi
2198 3113 2312 3160 sunt,
2357 3121 2441 3163 qua
2482 3106 2598 3149 alias.

221 3177 292 3217 An
322 3178 546 3234 quisquam
575 3184 720 3218 censet
747 3177 980 3234 genitivum
1006 3183 1048 3217 et
1076 3176 1303 3217 ablativum
1325 3175 1496 3230 junctos
1517 3175 1686 3217 diversa
1706 3175 1943 3231 significare
1972 3177 2016 3218 in
2044 3177 2109 3218 his
2134 3177 2236 3219 locis
2258 3193 2267 3218 ε
2298 3176 2385 3219 Cic.
2406 3177 2524 3217 Brut.
2544 3177 2598 3218 67

222 3248 248 3296 ἓ
277 3247 357 3287 237
386 3248 437 3288 Ρ.
465 3248 647 3288 Murena
675 3248 877 3288 mediocri
904 3248 1103 3301 ingenio,
1134 3246 1209 3287 sed
1237 3261 1392 3301 magno
1423 3246 1560 3287 studio
1589 3263 1729 3288 rerum
1757 3254 1972 3300 veterum,
2001 3249 2216 3290 literarum
2246 3256 2288 3290 et
2318 3247 2528 3289 studiosus
2558 3255 2601 3290 et

222 3330 306 3357 non
334 3317 575 3374 imperitus,
616 3318 772 3359 multae
809 3317 1039 3359 industriae
1081 3324 1123 3359 et
1159 3315 1301 3372 magni
1339 3315 1495 3359 laboris
1533 3316 1621 3359 fuit.
1680 3315 1742 3359 Id.
1774 3316 1827 3360 ad
1858 3316 1979 3360 Fam.
2009 3318 2047 3371 4,
2079 3317 2103 3355 5³
2134 3320 2159 3372 ξ
2193 3320 2211 3361 l
2244 3317 2395 3374 Neque
2424 3333 2598 3361 monere
