2865 3772
1372 285 1397 321 2

183 413 347 457 anticus
376 427 454 471 pro
485 413 706 470 antiquus,
748 411 1020 470 grandilocus
1057 426 1135 468 pro
1174 413 1506 469 grandiloquus,
1548 413 1665 453 locor
1693 427 1771 469 pro
1800 412 1964 467 loquor.
2048 408 2282 455 Praeterea
2311 413 2573 467 Ciceronem,

183 499 312 543 quem
342 484 494 527 ducem
524 484 646 542 sequi
673 483 981 536 consuevimus,
1010 498 1097 524 non
1127 498 1223 525 cum
1253 484 1472 541 scripsisse
1511 490 1552 525 et
1582 483 1879 541 pronuntiasse
1909 482 2116 525 existimo.
2174 482 2227 526 Id
2256 485 2427 542 quidem
2453 499 2574 542 prae-

180 562 248 599 ter
274 557 358 599 alia
385 543 504 599 locus
529 556 574 597 in
605 556 698 612 ejus
728 554 906 612 epistola
933 553 989 596 ad
1016 554 1105 596 Att.
1137 555 1176 608 6,
1210 557 1230 597 l
1273 558 1299 609 ξ
1333 556 1384 597 13
1425 555 1613 598 indicare
1641 555 1743 596 mihi
1772 554 1938 596 videtur
1967 569 1977 595 ε
2006 552 2130 596 Haec
2158 571 2244 597 non
2284 571 2433 599 noram
2473 563 2574 610 tum,

184 643 316 685 quum
348 642 442 670 cum
470 627 718 670 Democrito
747 632 819 667 tuo
848 625 1014 667 locutus
1044 640 1149 667 sum.
1209 625 1479 669 Persuadere
1509 627 1611 668 mihi
1640 641 1727 667 non
1755 640 1929 683 possum
1950 623 2203 668 Ciceronem
2232 627 2419 671 dixisse:
2451 627 2575 682 Tum,

184 715 282 742 cum
318 715 414 742 cum
449 698 696 741 Democrito
734 703 807 739 tuo
844 696 1010 739 locutus
1048 712 1153 739 sum.
1223 696 1373 749 Quid?
1412 698 1447 740 si
1482 705 1651 740 nostras
1688 698 1867 754 scriptor
1895 695 2140 750 mediocris,
2177 698 2335 741 nedum
2364 700 2575 757 egregius,

185 771 298 814 dicat
328 787 337 813 τ
367 771 431 813 Ει·
458 770 631 812 handelt
658 769 779 811 mehr
809 768 871 810 als
899 767 1090 823 Freund,
1121 769 1183 811 als
1212 770 1274 812 als
1304 768 1522 812 Gebieter.
1581 769 1688 821 Quis
1713 768 2021 825 Francogallus
2051 767 2164 811 dicat
2192 785 2202 812 ι
2229 769 2286 814 Je
2316 787 2369 814 ne
2399 771 2463 814 dis
2493 786 2576 829 que

185 859 268 901 que
297 858 403 885 vous
431 845 520 885 etes
548 840 803 898 imprudent.
860 840 1186 884 Incommodum
1224 841 1326 884 illud
1365 847 1591 885 senserunt
1620 840 1859 897 complures
1888 839 1966 881 viri
1995 838 2129 895 docti,
2168 839 2212 883 in
2247 842 2399 900 quibus
2446 842 2579 886 Orelli

185 922 228 958 et
255 914 413 967 Baiter,
442 913 570 970 hique
600 913 734 956 verba
758 913 817 954 sic
838 913 1154 956 collocaverunt
1184 929 1192 956 τ
1224 913 1347 957 Haec
1375 929 1462 956 non
1489 928 1640 956 noram
1668 918 1770 965 tum,
1801 926 1895 953 cum
1914 911 2162 953 Democrito
2190 919 2263 954 tuo
2292 929 2388 956 cum
2414 915 2576 956 locutus

184 1002 289 1028 sum.
362 984 483 1027 Istud
511 999 613 1026 vero
644 984 881 1027 remedium
908 985 1034 1042 pejus
1064 993 1128 1028 est
1151 986 1277 1028 malo.
1351 985 1506 1043 Neque
1539 985 1650 1027 enim
1677 984 1768 1027 fieri
1788 998 1916 1041 posse
1936 983 2077 1038 credo,
2106 989 2153 1025 ut
2177 983 2221 1026 in
2249 1000 2378 1043 prosa
2407 986 2576 1044 quidem

185 1057 373 1099 oratione
413 1072 565 1112 quum,
607 1056 641 1099 si
665 1056 719 1099 ad
749 1056 1015 1113 praecedens
1042 1063 1132 1099 tum
1161 1057 1357 1114 pertinet,
1388 1073 1413 1099 a
1441 1057 1578 1114 primo
1610 1055 1842 1098 sententiae
1871 1056 1964 1097 loco
2001 1055 2289 1099 demoveatur.
2347 1058 2578 1101 Praeterea

184 1126 519 1171 obliviscendum
555 1143 642 1171 non
680 1134 766 1181 est,
809 1128 991 1185 primum
1031 1142 1126 1169 cum
1162 1142 1249 1169 non
1291 1135 1388 1170 ante
1419 1143 1579 1170 annum
1608 1128 1687 1170 709
1716 1126 1771 1170 U.
1802 1126 1851 1170 C.
1882 1141 2091 1184 apparere
2121 1134 2163 1168 et
2190 1128 2233 1169 in
2260 1129 2331 1170 illa
2359 1131 2453 1187 ipsa
2481 1131 2575 1187 lege

183 1199 301 1243 Julia
325 1198 569 1257 municipali
597 1205 663 1242 ter
693 1214 822 1256 quom
852 1214 945 1241 esse
975 1199 1188 1255 scriptum.
1248 1197 1409 1242 Confer
1438 1200 1564 1241 etiam
1595 1198 1781 1242 Corssen
1808 1199 1987 1255 Ausspr.
2018 1200 2053 1252 1,
2083 1199 2150 1240 35.

316 1269 499 1313 Vetusta
536 1276 809 1313 monumenta
846 1270 1026 1327 primam
1064 1270 1245 1310 formam
1283 1284 1413 1326 quom
1450 1276 1772 1327 repraesentare
1810 1269 2004 1310 vidimus
2075 1268 2218 1319 Quom
2242 1286 2335 1313 esse
2365 1273 2575 1328 antiquius

184 1355 312 1398 quam
351 1356 481 1398 quum
516 1342 585 1382 vel
624 1356 739 1394 cum,
781 1342 907 1383 etiam
945 1355 999 1382 ex
1038 1341 1120 1381 hoc
1158 1348 1299 1397 potest
1329 1341 1494 1396 colligi,
1536 1340 1653 1397 quod
1694 1341 1737 1382 in
1775 1341 1920 1395 lingua
1954 1341 2084 1382 latina
2113 1355 2138 1382 o
2168 1342 2210 1382 in
2239 1357 2279 1395 u,
2309 1358 2394 1384 non
2424 1359 2451 1385 u
2479 1343 2522 1384 in
2550 1358 2574 1385 0

181 1412 343 1454 transit.
402 1412 501 1453 Alia
530 1427 700 1469 quoque
728 1417 981 1468 argumenta
1009 1399 1161 1453 afferre
1191 1425 1389 1468 possum,
1421 1411 1497 1453 sed
1526 1419 1572 1453 ut
1600 1412 1763 1454 leviora
1792 1418 1833 1455 et
1860 1427 1947 1454 non
1975 1412 2218 1454 necessaria
2246 1414 2405 1456 omitto.
2449 1412 2576 1465 Quod

183 1484 218 1526 si
247 1499 377 1541 quom
407 1483 544 1526 forma
572 1483 785 1541 primitiva
815 1489 857 1526 et
883 1483 982 1525 hinc
1013 1483 1373 1540 progrediendum
1403 1489 1479 1535 est,
1509 1482 1646 1540 prima
1678 1483 1809 1525 oritur
1838 1483 2052 1540 quaestio,
2092 1483 2194 1541 quid
2222 1484 2325 1526 illud
2354 1500 2482 1542 quom
2512 1485 2574 1527 sit.

182 1556 327 1613 Hujus
357 1555 508 1598 aetatis
535 1555 730 1598 homines
760 1555 885 1608 docti,
917 1555 989 1611 qui
1021 1555 1191 1611 quidem
1218 1555 1364 1597 talium
1393 1569 1534 1596 rerum
1563 1554 1687 1612 periti
1718 1554 2086 1612 intelligentesque
2118 1562 2226 1610 sunt,
2256 1556 2312 1599 ad
2342 1571 2576 1613 pronomen

184 1629 408 1671 relativum
435 1627 479 1669 id
509 1643 604 1670 esse
635 1627 907 1670 referendum
937 1627 1216 1670 consentiunt.
1274 1627 1343 1669 De
1373 1626 1465 1683 ejus
1494 1634 1647 1669 natura
1677 1634 1819 1670 autem
1847 1627 2001 1685 partim
2030 1627 2201 1670 omnino
2228 1634 2382 1682 tacent,
2411 1628 2575 1686 partim,

184 1707 231 1741 ut
258 1699 437 1754 Kriiger
467 1698 678 1754 (Gramm.
709 1699 804 1740 Lat.
836 1715 878 1755 p.
910 1699 991 1741 790
1020 1715 1057 1740 a.
1090 1699 1146 1753 1),
1176 1705 1339 1740 tantum
1369 1698 1511 1741 dicunt
1550 1714 1644 1741 esse
1683 1699 1989 1753 accusativum,
2033 1699 2122 1752 alii,
2161 1699 2203 1742 in
2234 1700 2386 1757 quibus
2422 1701 2486 1742 vir
2524 1700 2576 1742 de

185 1769 464 1826 grammatica
492 1768 622 1812 latina
659 1767 815 1826 optime
855 1768 1051 1822 meritus,
1088 1767 1217 1811 Ferd.
1249 1767 1422 1812 Schultz
1453 1768 1663 1827 (Gn-,amm
1695 1773 1721 1825 ξ
1749 1770 1831 1812 229
1860 1784 1896 1812 a.
1927 1770 1966 1824 3,
1997 1769 2062 1812 ed.
2090 1770 2137 1827 4)
2169 1785 2263 1812 esse
2292 1771 2577 1812 accusativum

184 1841 356 1897 generis
385 1840 587 1893 neutrius,
619 1839 807 1883 Corssen
837 1839 934 1896 (Kr.
965 1839 1096 1882 Beitr.
1128 1855 1168 1896 p.
1198 1841 1277 1881 292.
1261 1840 1299 1896 ))
1331 1847 1373 1882 et
1402 1840 1613 1882 Bucheler
1642 1841 1757 1897 (Lat.
1788 1841 1910 1882 Decl.
1940 1856 1981 1897 p.
2012 1842 2085 1897 26)
2116 1842 2154 1883 ei
2184 1842 2322 1882 locum
2352 1842 2578 1883 accusativi

185 1912 356 1967 generis
384 1911 605 1953 masculini
635 1910 880 1952 attribuunt.
952 1910 1023 1952 Ex
1063 1911 1216 1967 quibus
1259 1911 1454 1952 omnibus
1492 1927 1615 1953 nemo
1647 1912 1898 1953 sententiam
1928 1927 2047 1953 suam
2076 1913 2312 1954 accuratius
2341 1913 2577 1968 explicavit,

183 1990 484 2039 praeterquam
514 1981 630 2039 quod
661 1980 849 2025 Corssen
878 1981 903 2024 l.
936 1997 969 2024 c.
1000 1997 1137 2039 pauca
1166 1982 1300 2024 verba
1329 1982 1466 2036 addit,
1506 1998 1614 2040 quae
1655 1982 1755 2024 mihi
1787 1983 1959 2040 quidem
1988 1998 2075 2025 11011
2103 1983 2341 2041 probabilia
2369 1984 2576 2025 videntur.

183 2054 454 2097 Exstiterunt
482 2053 610 2095 etiam
640 2052 746 2094 aliae
776 2052 1018 2110 opiniones,
1050 2067 1229 2109 quarum
1260 2053 1367 2094 duas
1395 2054 1581 2094 attulisse
1622 2054 1722 2094 satis
1758 2055 1848 2094 erit.
1919 2053 2023 2095 Max
2054 2053 2249 2096 Schmidt
2276 2055 2317 2096 in
2348 2056 2578 2110 praestanti

186 2125 542 2168 commentatione
573 2124 625 2165 de
656 2124 906 2181 pronomine
934 2139 1089 2180 gracco
1120 2131 1162 2164 ct
1191 2124 1320 2165 latino
1351 2139 1391 2179 p.
1413 2125 1466 2164 96
1497 2124 1547 2164 de
1579 2139 1686 2176 cum,
1715 2132 1817 2176 tum,
1849 2124 1962 2177 dum,
1993 2141 2094 2166 num
2116 2124 2228 2177 dicit,
2257 2125 2300 2166 in
2326 2141 2397 2167 um
2418 2125 2579 2180 syllaba

183 2197 388 2253 temporis
419 2195 769 2252 significationem
797 2210 916 2249 esse3
946 2194 1244 2237 Doederlein
1227 2195 1365 2273 jocari
1386 2195 1563 2247 videtur,
1596 2210 1725 2251 quum
1746 2189 1846 2237 dlcit
1874 2195 2037 2252 (Etym.
2058 2212 2099 2253 p.
2120 2195 2226 2253 50):
2259 2194 2407 2252 „Cum‚
2439 2211 2578 2252 quom,

185 2268 252 2321 da,
284 2269 347 2311 als
375 2293 431 2299 *-
458 2268 666 2324 ΑΡο0οΡ0
696 2282 782 2308 von
811 2261 911 2309 κότε
934 2266 1105 2322 jonisch
1136 2273 1236 2309 statt
1265 2263 1389 2308 πότε.
1396 2267 1416 2290 ‘⁴
1477 2267 1600 2308 Talia
1628 2282 1863 2309 memorare
1892 2267 1964 2309 vix
1996 2283 2157 2325 operae
2184 2267 2367 2325 pretium
2396 2274 2471 2310 est

318 2338 529 2382 Omnibus
559 2344 754 2380 accurate
782 2336 1091 2395 diligenterque
1112 2336 1391 2380 consideratis
1412 2352 1488 2394 pro
1512 2345 1625 2380 certo
1652 2338 1777 2380 statui
1805 2353 1931 2396 posse
1964 2339 2158 2393 arbitror,
2194 2354 2324 2396 quum
2345 2353 2438 2381 esse
2459 2354 2578 2381 accu-

185 2409 368 2453 sativum
412 2409 673 2466 pronominis
715 2408 892 2451 relativi.
963 2408 1032 2451 Ea
1071 2415 1234 2451 tantum
1277 2409 1469 2466 quaestio
1514 2410 1788 2466 relinquitur,
1833 2417 1973 2451 utrum
2016 2411 2069 2452 sit
2105 2409 2369 2452 accusativus
2411 2410 2580 2465 generis

184 2481 405 2523 masculini
434 2496 489 2523 an
518 2481 719 2522 neutrius.
777 2481 874 2522 Hoc
905 2481 939 2522 si
969 2495 1062 2522 esse
1092 2487 1245 2538 potest,
1279 2481 1417 2523 omnis
1445 2481 1670 2523 difficultas
1701 2489 1939 2535 evanescet,
1971 2482 2175 2538 quoniam
2195 2481 2389 2539 primum,
2419 2487 2580 2538 postre-

183 2568 312 2605 mum,
342 2551 536 2594 ultimum
565 2551 668 2592 nihil
699 2550 909 2593 differant.
968 2549 1057 2593 Sed
1086 2566 1261 2605 vereor,
1302 2567 1355 2594 ne
1384 2551 1476 2593 fieri
1506 2567 1590 2593 non
1620 2553 1766 2609 possit.
1840 2553 2014 2594 Etenim
2043 2567 2147 2595 vera
2176 2560 2219 2595 et
2246 2551 2458 2609 primitiva
2485 2568 2580 2609 pro—

186 2625 381 2676 nomina,
425 2623 674 2665 nominatim
713 2623 1046 2665 demonstrativa
1087 2630 1128 2665 et
1166 2623 1343 2665 relativa
1361 2656 1371 2675 ,
1416 2623 1719 2666 nominativum
1763 2630 1805 2666 et
1852 2624 2140 2666 accusativum
2179 2639 2276 2681 gen.
2319 2629 2454 2665 neutr.
2496 2639 2582 2666 non

186 2696 350 2753 syllaba
378 2712 450 2737 um
480 2695 678 2747 formant,
710 2695 784 2737 sed
813 2696 934 2738 litera
963 2695 1002 2748 d,
1033 2696 1149 2737 velut
1177 2695 1232 2749 id,
1262 2694 1381 2747 illud,
1412 2694 1536 2748 istud,
1567 2695 1693 2751 quod,
1725 2695 1839 2752 quid.
1899 2694 1947 2739 Si
1977 2696 2071 2753 quis
2090 2703 2235 2753 putet,
2266 2701 2417 2737 neutra
2444 2694 2582 2752 ipsum

187 2773 230 2808 et
258 2766 339 2808 hoc
368 2766 406 2808 ei
434 2766 610 2822 regulae
639 2781 726 2808 non
756 2766 995 2819 convenire,
1025 2766 1195 2807 fallitur.
1255 2765 1367 2807 Illud
1399 2765 1510 2806 enim
1541 2766 1820 2822 compositum
1850 2773 1914 2807 est
1942 2781 1995 2808 ex
2022 2767 2059 2807 is
2088 2773 2131 2808 et
2158 2781 2257 2824 pse,
2288 2772 2330 2807 et
2359 2764 2581 2808 declinatio

187 2837 418 2894 antiquitus
460 2837 503 2880 in
531 2837 616 2881 fine
645 2836 799 2895 prioris
828 2837 959 2895 partis
995 2837 1108 2880 facta
1147 2844 1235 2892 est,
1281 2835 1519 2894 cujusmodi
1556 2843 1726 2880 exstant
1763 2837 1926 2880 formae
1964 2852 2161 2896 eumpse,
2202 2851 2398 2894 eampse,
2439 2851 2581 2894 eopse,

187 2924 331 2967 eapse,
361 2907 474 2951 unde
503 2924 655 2966 reapse
684 2908 710 2951 i.
741 2923 778 2952 e.
808 2923 854 2951 re
885 2922 1014 2965 eapse
1042 2928 1094 2945 =
1125 2922 1171 2951 re
1200 2908 1306 2966 ipsa.
1383 2907 1455 2949 Ex
1485 2909 1637 2965 quibus
1667 2915 1863 2950 neutrum
1892 2910 2151 2966 primitivum
2178 2909 2300 2965 idpse
2329 2908 2426 2948 licet
2454 2909 2581 2963 conji-

188 2995 298 3035 cere,
330 2979 446 3038 quod
475 2986 618 3023 tamen
646 2980 820 3036 ingenio
848 2979 1019 3036 linguae
1049 2980 1203 3022 latinae
1236 2986 1460 3037 repugnat,
1491 2986 1544 3033 et,
1576 2979 1610 3020 si
1639 2995 1827 3036 unquam
1857 2987 2107 3037 usurpatum
2139 2986 2221 3033 est,
2259 2979 2302 3020 in
2330 2978 2421 3035 ipse
2451 2986 2583 3022 muta-

186 3059 276 3093 tum
306 3067 401 3093 esse
431 3051 522 3093 veri
552 3051 685 3093 simile
716 3057 799 3104 est,
843 3051 951 3093 sicut
985 3050 1098 3092 idem
1126 3066 1254 3092 masc.
1295 3057 1337 3092 et
1376 3057 1510 3092 neutr.
1550 3066 1627 3108 pro
1666 3050 1802 3093 isdem
1841 3058 1883 3093 et
1919 3051 2074 3095 iddem.
2141 3050 2272 3093 Haud
2301 3049 2428 3092 dubie
2458 3050 2584 3107 igitur

186 3130 384 3164 neutrum
413 3123 553 3181 ipsum
581 3122 633 3164 iis
658 3122 920 3180 temporibus
951 3127 1090 3164 ortum
1118 3129 1202 3176 est,
1245 3121 1400 3179 quibus
1429 3120 1612 3163 Romani
1640 3121 1752 3163 illius
1781 3122 1954 3178 regulae
1996 3138 2083 3165 non
2118 3121 2256 3179 magis
2294 3120 2584 3175 meminerant,

189 3209 318 3250 quam
348 3194 483 3237 dualis
512 3193 699 3247 numeri,
741 3193 813 3251 qui
841 3193 975 3237 estin
1004 3193 1088 3235 duo
1120 3200 1162 3236 et
1186 3193 1313 3236 ambo
1344 3192 1499 3250 quique
1542 3192 1772 3236 accusativi
1810 3193 1969 3237 formas
2008 3194 2115 3238 duos
2125 3226 2137 3248 ,
2182 3192 2331 3237 ambos
2372 3206 2450 3249 pro
2487 3190 2584 3247 duo,

190 3266 316 3308 ambo
346 3279 498 3308 revera
525 3265 700 3323 respuit.
759 3264 830 3308 De
855 3265 1114 3308 nominativo
1145 3266 1225 3307 1100
1255 3272 1397 3308 autem
1427 3265 1486 3307 sic
1515 3280 1560 3307 se
1589 3280 1658 3308 res
1689 3264 1830 3307 habet.
1887 3265 1972 3309 Hic
2000 3272 2140 3310 ortum
2168 3271 2233 3309 est
2260 3279 2314 3307 ex
2335 3264 2379 3305 hi
2408 3270 2450 3306 et
2469 3264 2583 3306 addi-

188 3343 377 3379 tamento
408 3336 741 3379 demonstrativo
771 3351 845 3390 00,
888 3343 1015 3393 atque
1058 3336 1175 3390 11100,
1221 3351 1330 3394 quae
1369 3336 1506 3378 forma
1539 3337 1583 3378 in
1621 3337 1760 3378 locum
1796 3336 1929 3380 falsae
1970 3338 2087 3381 hicce
2118 3338 2190 3395 (cf.
2221 3336 2385 3380 Ritschl
2412 3335 2583 3394 Proleg.

189 3407 329 3450 Plaut.
358 3423 400 3465 p.
425 3408 522 3464 102)
552 3408 711 3465 ubique
733 3406 1027 3451 substituenda
1054 3414 1130 3461 est,
1160 3407 1407 3466 saepissime
1426 3407 1678 3465 repperitur,
1707 3408 1936 3467 praecipue
1965 3409 2009 3452 in
2028 3408 2323 3453 vetustissimis
2350 3407 2584 3465 inscriptio-

191 3478 317 3520 nibus
346 3478 417 3534 (cf.
449 3478 614 3521 Ritschl
642 3477 761 3521 Mon.
792 3477 943 3536 Epigr.
972 3478 1053 3520 tria
1082 3494 1123 3536 p.
1158 3479 1239 3534 16).
1310 3479 1431 3536 Ergo
1460 3479 1548 3533 1110,
1579 3479 1706 3531 haec,
1740 3479 1820 3521 hac
1849 3481 2081 3523 amiserunt
2107 3497 2131 3524 0
2159 3480 2285 3522 finale
2314 3485 2356 3520 et
2383 3486 2480 3520 sunt
2507 3495 2584 3536 pro
