2865 3772
1454 196 1480 237 6

277 338 367 374 tota
395 338 557 374 aestate
586 331 781 374 obrutam
809 330 1110 388 oppletamque
1137 328 1286 383 tenuit,
1313 335 1403 370 tum
1431 326 1601 369 recedit.
1639 325 1764 369 Caes.
1792 324 1845 368 B.
1873 324 1923 369 C.
1955 325 1992 379 1,
2019 326 2075 368 46
2104 324 2249 379 Quum
2278 334 2391 372 esset
2416 331 2650 386 pugnatum

279 402 545 446 continenter
571 402 688 446 horis
717 402 916 459 quinque.
971 400 1081 444 Ibid.
1109 400 1163 442 47
1193 398 1394 457 Quinque
1423 399 1538 442 horis
1566 398 1773 456 proelium
1802 396 2100 439 sustinuerunt.
2155 398 2227 442 Ex
2255 401 2388 443 altera
2414 405 2533 458 parte
2563 397 2651 442 Cic.

276 473 321 517 in
348 473 475 518 Verr.
507 476 543 530 1,
575 474 628 516 10
656 476 683 529 ξ
710 473 766 517 28
795 472 938 525 Quum
965 487 1045 530 per
1073 486 1148 515 eos
1175 471 1293 530 ipsos
1323 471 1438 526 dies,
1479 485 1558 528 per
1601 483 1708 526 quos
1748 483 1919 512 causam
1946 467 2032 510 Dio
2072 468 2251 525 diceret,
2291 471 2546 528 reperiretur
2574 476 2652 512 ete.

276 545 343 588 Id.
372 546 457 605 Ep.
487 545 542 588 ad
568 546 657 588 Att.
688 545 753 600 13,
781 544 837 588 33
865 546 892 599 ξ
916 543 945 587 4
971 542 1103 587 Venit
1131 542 1186 587 ad
1212 557 1295 598 me,
1325 540 1565 600 et‘quidem
1592 540 1636 584 id
1663 538 1878 597 temporis,
1905 545 1953 582 ut
1979 538 2226 583 retinendus
2255 550 2368 584 esset
2394 542 2465 597 (cf.
2485 541 2653 583 Rudim.

276 617 415 659 Instit.
435 618 474 671 2,
493 616 607 673 292).
654 615 749 658 Liv.
778 615 818 670 6,
847 614 903 658 39
930 613 1107 658 Nonum
1125 628 1284 658 annum
1307 613 1398 671 jam
1427 612 1631 657 adversus
1659 611 1882 669 optimates
1911 616 1987 653 sto.
2047 609 2215 654 Eodem
2247 614 2430 670 pertinet
2456 612 2655 655 accusati-

278 703 360 730 vus
389 688 586 745 adjectivi
612 686 841 730 numeralis
878 686 923 729 in
960 685 1255 730 constituendo
1292 683 1449 729 mensis
1489 682 1578 738 die,
1615 682 1732 727 velut
1768 688 1866 725 ante
1902 680 2014 724 diem
2041 682 2212 725 tertium
2241 683 2453 727 Calendas
2480 700 2557 742 pro
2588 683 2653 725 die

279 760 403 802 tertio
432 765 529 801 ante
560 757 787 813 Calendas,
818 756 991 814 eodem,
1020 764 1068 801 ut
1095 757 1275 813 videtur,
1305 755 1567 801 accusativus
1594 760 1693 812 post
1720 752 1885 797 abhinc.
1943 750 2289 798 Commemorare
2318 757 2444 798 etiam
2471 771 2654 811 possum,

281 844 524 887 quanquam
552 844 639 870 11011
675 830 855 871 multum
892 829 991 871 huic
1027 834 1278 889 argumento
1317 827 1476 883 tribuo,
1521 826 1624 871 alias
1659 824 1826 885 linguas
1863 823 1978 870 illam
2003 823 2207 883 temporis
2236 825 2542 872 distinctionem
2571 845 2655 871 non

279 904 421 945 facere
450 910 493 944 et
518 903 563 943 in
599 903 651 943 iis
690 902 978 944 accusativum
1013 902 1115 960 poni
1154 902 1289 944 solere
1325 913 1412 943 non
1450 898 1577 942 modo
1616 912 1746 957 quum
1787 897 2073 956 interrogatur
2116 912 2243 955 quam
2283 899 2376 955 diu,
2419 900 2494 944 sed
2532 900 2656 943 etiam

281 973 465 1031 quando.
520 973 615 1016 Nos
645 973 822 1015 dicimus
851 989 861 1015 :
903 974 989 1014 Die
1016 973 1161 1015 Nacht
1187 973 1241 1014 ist
1268 986 1315 1014 er
1342 971 1620 1028 gekommen,
1664 970 1770 1012 sicut
1824 969 1910 1012 Die
1946 982 2082 1027 ganze
2111 968 2254 1014 Nacht
2281 971 2355 1015 hat
2382 988 2429 1016 er
2453 970 2655 1030 gewacht‚

282 1051 325 1088 et
350 1060 430 1102 pro
460 1044 542 1087 abl.
572 1052 697 1086 nocte
726 1042 884 1087 Graeci
911 1052 1076 1102 ponunt
1103 1059 1188 1086 acc.
1217 1039 1345 1085 νύκτα
1373 1041 1555 1097 (Herod.
1587 1042 1624 1096 1,
1655 1041 1776 1097 181),
1815 1040 1913 1082 Indi
1952 1040 2150 1095 naktam,
2193 1040 2463 1101 Francogalli
2491 1044 2532 1086 la
2556 1042 2656 1086 nuit.

280 1116 341 1160 Et
369 1131 500 1174 quum
526 1116 667 1174 ipsum
694 1130 999 1174 nonnunquam
1029 1115 1342 1158 diuturnitatem
1384 1113 1589 1171 temporis
1632 1112 1789 1155 indicat
1816 1113 1994 1168 locoque
2024 1113 2251 1155 accusativi
2279 1120 2363 1169 est,
2403 1115 2516 1172 quod
2539 1115 2572 1156 si
2598 1115 2657 1169 fit,

279 1202 361 1230 nos
388 1187 750 1245 praepositionem
777 1186 980 1229 wahrend
1009 1200 1104 1228 011111
1131 1184 1382 1243 pronomine
1408 1183 1584 1227 relativo
1614 1198 1840 1242 possumus
1866 1182 2069 1226 adhibere
2088 1183 2158 1226 vel
2177 1184 2303 1227 etiam
2323 1186 2659 1242 conjunctionem

286 1258 490 1301 wahrend
502 1290 514 1311 ,
542 1263 670 1315 prout
697 1271 827 1314 quum
855 1256 1102 1298 adverbium
1130 1257 1199 1298 vel
1229 1255 1468 1312 conjunctio
1498 1261 1575 1298 est.
1644 1254 1712 1298 Ita
1750 1268 1880 1312 quum
1915 1259 2163 1312 usurpatum
2200 1261 2265 1298 est
2299 1256 2343 1299 in
2380 1257 2661 1314 compluribus

287 1329 411 1383 locis,
442 1344 549 1386 quos
578 1343 707 1386 supra
734 1328 872 1382 attuli,
901 1334 949 1369 ut
975 1327 1100 1370 Multi
1123 1327 1224 1370 anni
1253 1333 1368 1382 sunt,
1398 1342 1528 1385 quum
1555 1326 1625 1369 ille
1654 1326 1697 1369 in
1726 1340 1825 1369 aere
1853 1340 1949 1369 meo
1978 1331 2054 1369 est.
2124 1325 2325 1384 Longum
2353 1328 2455 1370 illud
2482 1335 2660 1385 tempus,

288 1415 418 1457 quum
454 1415 541 1442 non
577 1414 674 1453 ero,
708 1399 846 1455 magis
881 1413 951 1441 me
986 1405 1131 1441 movet
1169 1413 1296 1456 quam
1334 1399 1416 1440 hoc
1444 1398 1657 1456 exiguum.
1731 1397 1784 1440 In
1811 1398 1877 1440 his
1906 1397 2170 1441 accusativus
2200 1414 2328 1456 quum
2355 1414 2441 1442 non
2470 1400 2589 1443 aliter
2617 1415 2660 1443 se

286 1470 416 1515 habet
443 1486 572 1528 quam
600 1485 758 1513 annum
787 1470 902 1528 apud
930 1469 1019 1513 Cic.
1050 1470 1103 1512 de
1132 1469 1218 1513 Off.
1250 1471 1287 1523 1,
1318 1471 1339 1511 1
1371 1472 1397 1524 ξ
1429 1471 1450 1511 1
1480 1470 1655 1512 Annum
1677 1471 1769 1527 jam
1798 1470 1918 1512 audis
1947 1469 2210 1527 Cratippum.

422 1568 587 1625 Restat,
616 1575 664 1612 ut
692 1568 746 1612 de
775 1584 935 1626 genere
962 1569 1208 1623 masculino,
1239 1568 1354 1625 quod
1383 1576 1448 1611 est
1473 1569 1517 1610 in
1547 1585 1688 1625 quum,
1716 1584 1853 1626 pauca
1882 1569 2030 1611 dicam.
2098 1569 2169 1610 De
2197 1584 2247 1611 eo
2276 1584 2361 1611 non
2390 1585 2516 1628 posse
2547 1570 2662 1613 dubi-

283 1639 378 1697 tari,
408 1655 539 1699 supra
567 1640 627 1699 (p.
647 1640 707 1698 4.)
739 1639 1038 1684 demonstravi.
1092 1638 1236 1683 Minus
1255 1639 1298 1682 id
1318 1639 1440 1682 nobis
1461 1639 1682 1682 offensioni
1712 1647 1844 1693 esset,
1874 1641 1908 1682 si
1936 1656 2022 1682 non
2051 1656 2393 1696 consuessemus,
2424 1642 2525 1700 quid
2554 1648 2664 1685 esset

287 1711 585 1771 supplendum,
616 1726 834 1770 quaerere,
865 1711 1198 1770 quotiescunque
1228 1727 1351 1755 casus
1378 1711 1528 1769 aliquis
1556 1712 1816 1769 pronominis
1843 1713 1913 1755 vel
1941 1713 2139 1769 adjectivi
2168 1714 2465 1756 adverbialiter
2489 1729 2663 1771 usurpa-

285 1790 355 1826 tus
384 1790 461 1826 est.
518 1782 776 1842 Quanquam
804 1784 911 1827 haec
938 1783 1045 1827 ratio
1073 1782 1355 1842 improbanda
1381 1782 1483 1827 mihi
1511 1783 1697 1839 videtur,
1737 1790 1879 1827 tamen
1920 1783 1959 1827 ei
1993 1784 2062 1826 hic
2095 1784 2338 1841 indulgebo.
2395 1785 2544 1827 Potest
2572 1785 2663 1839 dici,

288 1854 597 1897 substantivum
625 1856 743 1898 locus
772 1870 867 1898 esse
896 1855 1120 1910 omissum,
1159 1855 1275 1913 quod
1302 1855 1505 1913 temporis
1535 1870 1705 1913 quoque
1734 1855 1949 1898 notionem
1976 1855 2175 1898 habuisse
2205 1862 2389 1909 constat,
2428 1856 2479 1897 cf.
2516 1862 2665 1913 postea

283 1926 379 1981 loci,
408 1926 571 1969 interea
597 1927 701 1982 loci,
741 1926 842 1970 inde
871 1926 973 1981 loci,
1003 1926 1058 1969 ad
1085 1926 1130 1969 id
1157 1927 1367 1981 locorum,
1398 1927 1535 1969 adhuc
1562 1927 1752 1969 locorum
1781 1925 1930 1984 (Haud
1960 1926 2141 1969 Tursell.
2170 1927 2209 1982 3,
2239 1927 2318 1969 361
2347 1927 2450 1981 4173
2493 1926 2661 1969 Rudim.

283 1996 421 2039 Instit.
451 1997 491 2052 2,
520 1996 634 2053 316).
690 1995 839 2041 Malim
877 2003 1044 2052 tamen,
1089 1998 1123 2039 si
1160 1997 1287 2040 modo
1329 1998 1560 2055 quidquam
1598 1997 1881 2055 supplendum
1911 2004 1995 2050 est,
2026 1999 2224 2054 supplere
2254 1998 2386 2050 diem,
2431 2012 2539 2053 quae
2581 2012 2664 2039 vox

285 2067 533 2126 saepissime
563 2067 773 2125 significat
798 2074 968 2126 tempus
987 2082 1126 2126 neque
1148 2068 1283 2110 solum
1301 2074 1404 2123 tum,
1435 2083 1564 2125 quum
1584 2068 1754 2126 generis
1773 2067 1962 2111 feminini
1996 2076 2071 2111 est.
2128 2069 2406 2125 Aptissimum
2427 2069 2665 2125 exemplum

284 2138 412 2181 offert
439 2137 529 2182 Cic.
558 2139 703 2182 Divin.
730 2139 775 2182 in
804 2138 962 2183 Caecil.
993 2139 1045 2181 13
1079 2141 1106 2193 ξ
1136 2140 1189 2181 41
1228 2139 1348 2181 Illius
1375 2139 1579 2198 temporis
1607 2139 1708 2182 mihi
1737 2140 1853 2183 venit
1879 2140 1922 2182 in
1951 2147 2158 2194 mentem,
2190 2155 2273 2197 quo
2304 2139 2393 2193 die,
2425 2139 2549 2181 citato
2577 2155 2663 2193 reo,

282 2208 386 2250 mibi
415 2208 640 2251 dicendum
670 2210 733 2252 sit.
792 2208 891 2262 Quo
921 2210 989 2252 die
1017 2210 1086 2251 hic
1114 2224 1208 2253 esse
1236 2210 1422 2269 positum
1461 2225 1540 2269 pro
1577 2226 1660 2269 quo
1698 2217 1891 2270 tempore
1928 2203 1971 2254 in
2013 2211 2192 2269 ejusque
2229 2211 2367 2254 locum
2396 2217 2438 2254 et
2466 2226 2594 2267 quum
2623 2217 2666 2253 et

283 2294 369 2338 quo
408 2294 537 2337 posse
576 2280 769 2323 substitui
805 2281 1077 2323 manifestum
1113 2288 1189 2323 est.
1246 2281 1314 2324 Cf.
1344 2280 1434 2324 Cic.
1464 2282 1519 2324 ad
1543 2281 1665 2324 Fam.
1696 2282 1734 2337 7,
1762 2282 1789 2324 3
1818 2285 1844 2337 ξ
1878 2284 1899 2324 1
1939 2280 2060 2326 Solet
2095 2283 2139 2326 in
2170 2289 2356 2326 mentem
2384 2280 2529 2324 venire
2556 2281 2665 2323 illius

278 2350 508 2409 temporis,
553 2365 636 2409 quo
664 2351 856 2409 proxime
883 2351 1041 2395 fuimus
1076 2368 1173 2396 una.
1230 2351 1421 2396 Variatio
1451 2353 1702 2397 substantivi
1730 2353 1820 2397 dies
1850 2360 1892 2397 et
1918 2360 2087 2412 tempus
2116 2355 2160 2398 in
2187 2355 2258 2397 illo
2288 2354 2381 2396 loco
2410 2352 2560 2396 eadem
2588 2360 2663 2407 est,

281 2437 393 2481 quae
420 2422 466 2465 in
494 2423 576 2465 1100
604 2438 614 2465 :
643 2423 773 2467 Nulla
801 2440 930 2467 causa
959 2431 1035 2478 est,
1067 2439 1194 2481 quam
1223 2425 1278 2467 ob
1305 2440 1397 2468 rem
1425 2426 1507 2467 hoc
1534 2425 1698 2467 faciam.
1771 2423 1895 2476 Quae
1924 2426 2011 2468 dixi
2040 2426 2094 2467 de
2122 2426 2260 2468 forma
2289 2441 2338 2467 ac
2365 2424 2407 2466 vi
2434 2423 2664 2482 particulae

282 2508 427 2552 quum,
458 2493 611 2538 eadem
637 2494 851 2552 pertinent
878 2494 933 2539 ad
961 2495 1215 2553 composita,
1259 2512 1439 2553 quorum
1467 2496 1584 2553 prior
1609 2512 1709 2553 pars
1738 2504 1803 2538 est
1831 2512 1961 2554 quom
1989 2499 2058 2539 vel
2087 2512 2195 2540 cum.
2253 2495 2364 2539 Sunt
2391 2502 2532 2538 autem
2561 2509 2662 2554 quo-

279 2564 408 2621 niam,
438 2564 668 2624 quondam,
699 2580 913 2626 quomque
941 2566 1030 2611 sive
1060 2583 1240 2626 cunque,
1268 2584 1469 2626 unquam,
1500 2584 1610 2626 quae
1639 2568 1806 2626 singula
1833 2569 2113 2626 perlustrabo.

418 2658 635 2712 Quoniam
664 2659 892 2702 conflatum
920 2667 985 2702 est
1012 2677 1066 2703 ex
1092 2678 1223 2717 quom
1250 2669 1293 2703 et
1314 2663 1430 2716 jam,
1468 2669 1636 2703 servata
1671 2664 1845 2722 antiqua
1878 2664 2016 2705 forma
2054 2676 2184 2723 quom
2210 2666 2457 2720 mutatoque
2482 2673 2525 2703 m
2553 2658 2597 2703 in
2623 2672 2665 2704 n.

278 2727 450 2776 Eodem
476 2728 619 2786 modo,
646 2729 692 2775 id
720 2728 837 2788 quod
862 2727 1049 2775 Corssen
1076 2731 1173 2787 (Kr.
1199 2732 1332 2775 Beitr.
1361 2751 1403 2789 p.
1431 2735 1534 2788 263)
1572 2750 1659 2774 non
1692 2736 1838 2774 debuit
1871 2736 2148 2790 addubitare,
2191 2748 2234 2775 m
2269 2734 2314 2774 in
2348 2745 2378 2773 n
2415 2742 2667 2773 conversum

278 2804 346 2846 est
371 2799 417 2845 in
440 2802 590 2847 ndnus.
646 2799 822 2846 Etenim
850 2816 905 2847 ex
932 2818 1087 2847 novem
1114 2803 1297 2860 primum
1324 2805 1544 2856 novimus,
1584 2812 1631 2845 ut
1667 2807 1870 2861 septimus
1900 2821 1954 2846 ex
1983 2812 2167 2863 septem,
2206 2805 2393 2845 decimus
2422 2816 2476 2842 ex
2505 2802 2664 2858 decem,

278 2871 435 2917 deinde
465 2884 520 2917 ex
546 2871 742 2918 novimus
769 2876 922 2920 nssmus
949 2871 1108 2919 factum
1136 2881 1213 2930 est,
1241 2882 1289 2920 ut
1315 2879 1578 2920 momentum
1607 2892 1661 2917 ex
1688 2878 2015 2929 movimentum,
2044 2884 2260 2932 postremo
2290 2890 2333 2914 m
2361 2875 2404 2913 in
2432 2888 2461 2912 n
2488 2874 2664 2912 transiit.

276 2943 517 3001 Postquam
557 2949 699 2987 autem
736 2958 866 3004 quom
903 2949 947 2990 et
968 2944 1063 3004 jam
1092 2944 1152 2990 sic
1177 2945 1222 2991 in
1248 2962 1379 2992 unam
1405 2962 1557 2991 vocem
1586 2946 1856 3002 coaluerunt,
1898 2964 2057 2991 novum
2095 2948 2204 2990 haec
2241 2945 2377 2988 induit
2415 2959 2585 2985 sensum
2625 2951 2667 2985 et

276 3015 471 3081 nonnihil
501 3015 642 3058 differt
669 3031 696 3058 a
724 3031 853 3075 quom
878 3017 949 3061 vel
978 3032 1110 3077 quum
1132 3018 1237 3076 jam.
1292 3018 1515 3064 Interdum
1543 3024 1684 3063 autem
1712 3018 1967 3076 primitivam
1993 3018 2198 3077 temporis
2223 3017 2439 3060 notionem
2469 3015 2665 3068 servavit,

276 3092 326 3130 ut
354 3086 552 3144 Cic.-pro
580 3086 691 3145 Leg.
718 3087 835 3131 Man.
865 3090 892 3131 8
920 3092 947 3144 ξ
975 3090 1032 3132 20
1060 3089 1274 3143 Quoniam
1302 3090 1357 3134 de
1385 3105 1547 3150 genere
1574 3090 1674 3134 belli
1703 3089 1802 3146 dixi,
1831 3106 1944 3134 1111110
1973 3089 2026 3135 110
2048 3087 2340 3148 magnitudine
2359 3101 2497 3143 pauca
2517 3084 2666 3128 dicam.

276 3157 364 3202 Η10
389 3158 507 3201 valet
533 3166 762 3217 postquam
783 3161 876 3217 jam
903 3162 976 3218 (cf.
1004 3162 1162 3205 Festus
1190 3177 1232 3221 p.
1261 3163 1341 3205 261
1371 3161 1527 3220 Mun).

414 3250 646 3304 Quondam
674 3259 740 3296 est
765 3268 845 3312 pro
875 3255 1103 3313 quomdam
1130 3263 1179 3300 ut
1207 3255 1421 3315 quendam
1447 3270 1527 3315 pro
1558 3255 1808 3313 quemdam,
1849 3255 2118 3314 servavitque
2155 3254 2336 3297 formam
2367 3265 2519 3309 quom,
2563 3250 2669 3292 sieut

278 3323 490 3381 quoniam.
547 3323 632 3367 Est
658 3326 943 3382 accusativus,
982 3333 1025 3371 et
1060 3328 1246 3387 pertinet
1274 3327 1329 3372 ad
1358 3328 1531 3387 quidam
1560 3327 1917 3386 quemadmodum
1946 3343 2075 3386 quom
2104 3327 2160 3371 ad
2198 3325 2282 3385 qui.
2353 3322 2536 3380 Propria
2574 3322 2667 3379 ejus

278 3394 527 3452 significatio
556 3403 623 3439 est
653 3397 840 3455 quodam
868 3405 1073 3458 tempore.
