2865 3772
1397 249 1449 289 14

219 376 333 419 Ahd.
363 377 547 421 hwanne
587 378 676 421 sive
705 378 908 431 hwenne,
949 376 1063 418 mhd.
1099 391 1250 419 wanne
1294 378 1384 421 sive
1425 393 1575 421 wenne
1619 376 1771 435 (Graff
1792 379 1832 433 4,
1865 379 1993 433 1201,
2023 379 2226 425 Benecke
2254 381 2293 436 3,
2322 380 2415 435 502,
2447 378 2613 423 Grimm

221 446 416 492 Gramm.
445 449 485 503 3,
517 449 594 492 181
627 449 727 505 182)
768 455 864 491 sunt
906 447 1027 489 simul
1066 447 1374 505 interrogativa
1413 456 1456 491 et
1499 449 1677 492 relativa
1720 456 1762 492 et
1800 449 2041 507 significant
2079 452 2208 495 modo
2238 452 2409 510 quando
2425 451 2448 494 ‘2
2486 451 2613 493 modo

222 534 367 576 quum.
426 519 591 562 Luther
617 520 661 561 in
689 525 868 574 utroque
898 532 1026 558 sensu
1057 518 1147 558 solo
1176 533 1303 560 wenn
1331 536 1434 562 usus
1462 527 1538 562 est.
1596 520 1756 562 Postea
1782 535 1886 562 vero
1925 529 2159 577 coeperunt
2193 538 2319 565 wann
2353 524 2408 566 ad
2438 524 2614 564 interro·

220 591 439 647 gationem
467 590 681 642 adhibere,
710 603 1016 644 nonnunquam
1043 590 1170 631 etiam
1194 590 1249 631 ad
1278 606 1409 648 quum
1437 591 1671 648 temporale
1698 589 2032 647 exprimendum.
2090 591 2161 633 Ad
2188 592 2271 635 hoc
2297 600 2440 636 tamen
2470 592 2614 650 optimi

223 662 454 721 scriptores
481 661 613 704 nostri
641 675 727 702 non
753 660 931 701 multum
962 674 1012 702 eo
1042 667 1230 703 utuntur.
1288 661 1341 703 In
1370 662 1674 703 consuetudine
1705 668 1770 703 est
1799 661 1859 703 sic
1886 661 2000 719 apud
2031 660 2286 716 Germanos,
2322 664 2393 720 qui
2424 669 2617 720 spectant

224 734 268 775 in
296 733 526 786 meridiem,
556 732 584 774 ii
613 738 766 784 autem,
798 732 870 787 qui
900 731 955 773 ad
985 734 1298 789 septentriones
1328 735 1533 787 incolunt,
1572 734 1706 774 solum
1745 748 1869 774 wenn
1910 732 2065 775 dicunt.
2133 732 2255 775 Istud
2293 749 2417 776 wenn
2457 735 2616 791 (neque

225 804 337 847 enim
365 803 418 846 de
447 802 716 846 conditionali
752 817 878 844 wenn
916 803 1069 860 loquor
1106 819 1247 862 neque
1287 804 1339 846 de
1376 819 1449 858 eo,
1491 803 1605 860 quod
1650 803 1703 845 de
1742 803 1978 845 actionibus
2015 803 2205 861 repetitis
2246 805 2493 861 usurpatur)
2531 821 2616 847 non

226 876 478 918 construitur
506 890 601 916 cum
628 875 893 931 temporibus
922 876 1188 932 praeteritis,
1220 876 1295 918 sed
1323 883 1486 918 tantum
1515 890 1610 917 cum
1638 882 1887 932 praesente,
1916 875 2057 917 futuro
2087 890 2224 932 eoque
2253 875 2465 932 perfecto,
2503 876 2617 932 quod

228 946 458 1004 respondet
496 946 627 988 latino
666 946 808 988 futuro
849 953 1013 989 exacto.
1071 948 1222 989 Altera
1260 962 1313 989 ex
1351 953 1471 1004 parte
1501 947 1562 988 als
1592 952 1634 987 et
1663 945 1718 988 da
1743 945 1817 1002 (de
1852 934 2011 988 causali
2041 944 2096 988 da
2125 945 2194 987 hic
2221 961 2306 988 non
2338 945 2496 1003 agitur)
2528 948 2618 990 sola

227 1017 454 1076 praeterita
480 1023 677 1075 tempora
714 1017 933 1075 patiuntur
970 1018 1014 1060 in
1048 1018 1199 1073 hisque
1237 1018 1330 1060 vice
1368 1018 1597 1075 particulae
1632 1032 1757 1059 wenn
1794 1016 2043 1074 funguntur.
2099 1016 2293 1058 Dicimus
2322 1016 2451 1073 igitur
2480 1032 2489 1058 τ
2520 1017 2618 1060 Wir

227 1089 399 1132 werden
426 1089 581 1143 reisen,
610 1104 736 1132 wenn
767 1088 844 1132 der
870 1089 1083 1145 Fruhling
1111 1088 1288 1142 kommt,
1318 1089 1518 1132 kommen
1546 1087 1670 1142 wird,
1701 1088 1959 1145 gekommen
1988 1087 2064 1142 ist3
2106 1088 2238 1131 altera
2268 1104 2321 1131 ex
2349 1094 2469 1146 parte
2500 1104 2510 1131 ε
2540 1089 2617 1131 Als

228 1161 296 1203 vel
326 1160 382 1202 da
410 1160 487 1203 der
514 1159 727 1218 Fruhling
754 1160 877 1214 kam,
907 1160 1165 1217 gekommen
1194 1175 1305 1213 war,
1343 1161 1501 1202 reisten
1538 1159 1625 1201 wir.
1696 1158 1902 1201 Nostrum
1942 1158 2145 1200 wahrend
2185 1174 2263 1216 pro
2307 1175 2432 1202 wenn
2474 1167 2515 1202 et
2557 1161 2618 1203 als

227 1231 328 1289 poni
355 1238 509 1289 potest,
541 1231 576 1273 si
605 1231 713 1273 actio
744 1230 879 1284 durat,
910 1230 1175 1286 admittitque
1206 1230 1349 1272 omnia
1377 1237 1572 1287 tempora
1601 1245 1734 1286 aeque
1766 1244 1815 1272 ac
1845 1229 1994 1271 sobald
2024 1229 2098 1271 als.

358 1302 560 1346 Latinum
590 1318 720 1360 quum
746 1302 982 1360 temporale
1012 1316 1107 1343 cum
1138 1301 1333 1343 omnibus
1361 1302 1624 1358 temporibus
1654 1301 1936 1358 conjungitur.
1994 1300 2105 1357 Ejus
2141 1300 2292 1343 modus
2330 1308 2395 1343 est
2430 1301 2618 1344 indicati·

226 1388 306 1416 vus
315 1406 327 1428 ,
369 1373 449 1416 nisi
491 1373 786 1431 imperfectum
826 1379 899 1415 aut
936 1372 1401 1430 plusquamperfectum
1442 1373 1652 1428 sequitur,
1691 1387 1799 1429 quae
1839 1372 2156 1429 conjunctivum
2198 1373 2424 1413 vindicant.
2496 1373 2619 1415 Haec

228 1445 400 1503 quidem
427 1451 530 1487 nota
558 1451 667 1486 sunt.
723 1444 807 1486 Est
835 1451 991 1498 autem,
1020 1444 1093 1485 ubi
1122 1444 1414 1500 conjunctivus
1442 1444 1679 1500 imperfecti
1712 1445 1851 1485 locum
1878 1444 2038 1485 habere
2067 1460 2153 1485 non
2182 1444 2327 1501 possit,
2358 1444 2433 1485 sed
2461 1444 2618 1486 indica-

193 1546 197 1548 >
226 1517 339 1559 tivus
368 1523 441 1559 aut
466 1516 704 1574 imperfecti
731 1523 804 1558 aut
832 1516 1012 1573 perfecti
1041 1515 1305 1557 necessarius
1336 1515 1408 1568 sit,
1452 1530 1561 1571 quae
1592 1515 1764 1571 quidem
1794 1530 1862 1557 res
1892 1516 2061 1557 omnino
2091 1515 2288 1572 neglecta
2318 1523 2381 1557 est
2406 1515 2448 1557 in
2479 1532 2617 1572 gram-

227 1589 404 1631 maticis.

361 1659 672 1715 Conjunctivus
700 1658 937 1715 imperfecti
965 1658 1032 1699 vel
1061 1656 1466 1714 plusquamperfecti
1495 1657 1736 1698 necessario
1776 1657 1966 1713 ponitur,
2006 1658 2040 1698 si
2076 1657 2176 1713 quid
2213 1658 2330 1714 prius
2367 1659 2436 1700 vel
2476 1674 2618 1700 orsum

226 1732 295 1773 vel
325 1731 564 1772 confectum
593 1736 670 1782 est,
701 1744 829 1785 quam
857 1728 971 1782 illud,
1003 1727 1117 1784 quod
1147 1727 1357 1769 sententia
1385 1727 1587 1783 primaria
1616 1727 1808 1770 enuntiat
1819 1727 2044 1783 'simulque
2075 1728 2332 1770 antecedens
2353 1729 2459 1770 actio
2491 1744 2619 1771 causa

225 1802 295 1844 vel
325 1801 491 1843 occasio
522 1799 821 1856 consequentis
850 1807 925 1841 est.
985 1797 1032 1841 Si
1059 1798 1189 1855 igitur
1219 1796 1369 1840 dicitur
1398 1814 1407 1840 :
1445 1797 1597 1851 Pater,
1636 1813 1765 1854 quum
1809 1797 1981 1840 domum
2020 1798 2202 1840 redisset
2231 1814 2414 1856 suosque
2442 1799 2618 1854 videret,

227 1885 491 1928 magnopere
519 1870 695 1926 gavisus
724 1876 810 1923 est,
849 1868 979 1927 patris
1007 1868 1168 1911 reditus
1198 1868 1416 1910 confectus
1446 1883 1702 1925 suorumque
1732 1869 1849 1911 visus
1879 1884 2000 1910 orsus
2029 1875 2140 1923 erat,
2182 1884 2312 1926 quum
2342 1870 2513 1926 gavisus
2543 1877 2618 1912 est.

230 1941 319 1987 Sed
349 1942 476 1986 etiam
506 1956 636 1985 causa
661 1941 731 1984 vel
761 1940 983 1983 occasione
1013 1955 1100 1982 non
1129 1939 1372 1994 accedente,
1401 1940 1651 1997 praesertim
1673 1940 1706 1982 si
1731 1941 1976 1994 enuntiatio,
2004 1942 2235 1998 particulae
2258 1956 2387 1997 quum
2407 1941 2618 1998 adjuncta,

225 2014 408 2072 primum
450 2014 589 2056 locum
633 2019 772 2067 tenet,
813 2012 1126 2069 conjunctivum
1170 2010 1407 2069 imperfecti
1447 2017 1489 2052 et
1524 2012 1930 2068 plusquamperfecti
1968 2012 2153 2054 Romani
2196 2013 2398 2054 adhibere
2445 2028 2618 2055 consue·

225 2091 391 2139 verunt,
420 2086 575 2127 velut:
616 2083 761 2135 Quum
789 2083 997 2140 proelium
1028 2083 1299 2124 commissum
1339 2090 1472 2134 esset,
1516 2083 1668 2138 ingens
1710 2089 1943 2139 tempestas
1987 2091 2132 2125 coorta
2175 2091 2249 2125 est.
2320 2084 2370 2124 Iu
2415 2085 2620 2139 ejusmodi

225 2162 367 2198 autem
406 2155 625 2197 sententiis
672 2155 799 2195 etiam
827 2153 1080 2194 indicativus
1109 2153 1322 2194 invenitur
1353 2160 1396 2193 et
1424 2153 1634 2194 interdum
1657 2153 1782 2208 juxta
1811 2154 2139 2209 conjunctivum.
2198 2153 2286 2196 Cic.
2318 2155 2370 2195 de
2390 2154 2486 2195 Fin.
2506 2156 2545 2207 2,
2570 2156 2620 2195 19

228 2228 254 2279 ξ
284 2226 336 2267 61
366 2225 484 2267 Num
514 2225 639 2266 etiam
668 2224 760 2279 ejus
790 2224 957 2279 collega
987 2222 1035 2264 P.
1066 2223 1249 2277 Decius,
1280 2222 1480 2279 princeps
1509 2222 1552 2263 in
1582 2239 1632 2265 ea
1660 2223 1818 2265 familia
1847 2225 2110 2277 consulatus,
2151 2240 2281 2281 quum
2316 2239 2361 2266 se
2392 2225 2621 2266 devoveret

227 2303 270 2339 et
299 2311 409 2353 equo
440 2295 623 2338 admisso
651 2295 694 2336 in
722 2294 908 2337 mediam
938 2295 1071 2336 aciem
1101 2293 1352 2335 Latinorum
1380 2293 1590 2347 irruebat,
1634 2294 1791 2350 aliquid
1832 2294 1884 2337 de
1923 2295 2211 2352 voluptatibus
2251 2295 2336 2337 suis
2370 2295 2620 2351 cogitabat?

227 2365 494 2418 Quibuscum
531 2366 676 2408 confer
704 2366 833 2407 Tusc.
866 2365 1043 2417 Quaest.
1074 2366 1112 2418 2,
1142 2365 1197 2406 24
1227 2368 1253 2418 ξ
1282 2364 1337 2406 59
1373 2363 1609 2420 Fulgentes
1648 2364 1813 2421 gladios
1852 2365 2035 2408 hostium
2072 2366 2276 2409 videbant
2303 2365 2449 2420 Decii,
2490 2381 2619 2423 quum

225 2439 269 2480 in
299 2437 434 2480 aciem
472 2452 617 2479 eorum
654 2436 885 2479 irruebant.
941 2435 1037 2477 Liv.
1066 2436 1133 2490 30,
1162 2436 1217 2477 44
1260 2434 1413 2492 Itaque
1458 2450 1587 2492 quum
1630 2436 1765 2493 spolia
1805 2436 1942 2479 victae
1984 2435 2235 2493 Carthagini
2274 2436 2617 2491 detrahebantur,

227 2524 358 2567 quum
386 2509 594 2551 inermem
616 2507 707 2564 jam
736 2523 786 2550 ac
814 2506 973 2549 nudam
995 2506 1164 2548 destitui
1183 2506 1294 2549 inter
1312 2513 1376 2548 tot
1395 2511 1579 2548 armatas
1598 2512 1749 2563 gentes
1777 2507 1951 2549 Africae
1972 2508 2213 2562 cerneretis,
2244 2522 2369 2550 nemo
2400 2508 2617 2564 ingemuit.

225 2580 365 2624 Varro
395 2580 449 2623 de
478 2579 530 2622 L.
561 2579 613 2621 L.
642 2579 669 2621 6
693 2581 719 2632 ξ
748 2579 803 2621 95
830 2595 871 2636 p.
902 2579 985 2620 274
1015 2577 1177 2635 Speng.
1208 2578 1261 2620 Id
1288 2578 1505 2635 inceptum
1535 2577 1683 2631 credo,
1722 2593 1852 2635 quum
1890 2594 1976 2621 non
2014 2579 2186 2622 adesset
2214 2594 2418 2621 accensus
2448 2586 2490 2621 et
2516 2580 2616 2621 nihil

226 2652 450 2707 intererat,
489 2651 589 2709 quoi
617 2650 850 2708 imperaret
879 2650 950 2707 (cf.
980 2664 1022 2708 p.
1054 2650 1138 2707 11).

362 2722 440 2766 Sin
466 2729 609 2766 autem
640 2722 884 2775 enuntiatio,
915 2722 970 2764 ad
999 2736 1127 2779 quam
1158 2736 1288 2778 quum
1317 2721 1514 2778 pertinet,
1546 2722 1741 2778 exprimit
1769 2723 1939 2779 aliquid,
1968 2724 2082 2780 quod
2112 2739 2197 2764 non
2217 2722 2333 2778 prius
2353 2722 2510 2764 factum
2540 2730 2616 2776 est,

226 2811 356 2854 quam
383 2795 498 2849 illud,
529 2794 645 2853 quod
675 2794 907 2836 enuntiatio
936 2794 1138 2850 primaria
1166 2793 1365 2847 continet,
1394 2791 1646 2835 indicativus
1666 2801 1738 2836 aut
1755 2794 1993 2852 imperfecti
2012 2802 2084 2837 aut
2106 2793 2284 2853 perfecti
2312 2794 2450 2836 locum
2476 2794 2615 2838 habet.

225 2867 530 2925 Imperfectum
572 2866 820 2918 adhibetur,
865 2880 995 2921 quum
1036 2866 1143 2906 actio
1186 2864 1422 2906 sententiae
1465 2864 1688 2920 primariae
1730 2873 1772 2908 et
1813 2866 2090 2909 secundariae
2145 2882 2223 2924 per
2264 2865 2376 2908 idem
2414 2867 2616 2923 temporis

229 2938 414 2996 spatium
444 2937 591 2992 durat3
632 2937 892 2994 perfectum,
924 2951 1053 2992 quum
1081 2936 1153 2978 illa
1180 2951 1267 2978 non
1297 2935 1421 2977 simul
1451 2950 1546 2977 cum
1574 2936 1706 2979 altera
1732 2944 1946 2992 moratur,
1989 2938 2064 2980 sed
2104 2936 2241 2980 subito
2276 2936 2421 2979 incidit
2449 2937 2615 2995 citoque

224 3009 441 3068 praeterit.
497 3007 551 3050 In
579 3008 866 3051 enuntiatione
895 3007 1097 3065 primaria
1122 3014 1194 3050 aut
1220 3006 1516 3064 imperfectum
1545 3013 1609 3049 est
1636 3015 1709 3050 aut
1736 3008 2220 3067 plusquamperfectum,
2253 3007 2389 3065 quod,
2420 3009 2453 3051 si
2483 3009 2616 3052 altera

227 3080 460 3123 enuntiatio
489 3079 783 3136 imperfectum
811 3079 953 3132 habet,
998 3085 1151 3121 statum
1180 3079 1338 3120 indicat
1366 3092 1457 3119 rem
1485 3078 1717 3134 perfectam
1746 3080 2030 3122 subsecutum.
2088 3080 2160 3122 Ad
2197 3068 2287 3121 re'm
2326 3079 2615 3122 illustrandam

228 3168 359 3210 quum
387 3151 571 3195 maxime
603 3150 686 3193 duo
715 3150 795 3193 loci
822 3149 1022 3195 Caesaris
1051 3149 1314 3194 accomodati
1343 3154 1441 3192 sunt
1470 3163 1480 3191 τ
1506 3147 1557 3192 B.
1588 3148 1643 3194 G.
1673 3151 1712 3205 6,
1745 3150 1797 3194 12
1836 3149 1980 3203 Quum
2009 3150 2173 3195 Caesar
2201 3150 2243 3192 in
2274 3148 2457 3193 Galliam
2487 3151 2614 3206 venit,

227 3224 399 3267 alterius
429 3222 625 3265 factionis
653 3222 867 3280 principes
896 3229 1017 3266 erant
1044 3221 1229 3276 Haedui,
1259 3222 1432 3265 alterius
1463 3219 1678 3278 Sequani;
1720 3223 1820 3265 ibid.
1852 3224 1889 3277 7,
1918 3224 1945 3265 6
1972 3224 2041 3265 Eo
2074 3237 2203 3281 quum
2232 3222 2430 3277 venisset,
2459 3239 2616 3281 magna

227 3294 473 3337 difficultate
503 3293 791 3337 adficiebatur.
847 3293 1076 3336 Factiones
1105 3293 1222 3351 prius
1251 3299 1391 3346 erant,
1431 3307 1558 3349 quam
1585 3293 1748 3336 Caesar
1774 3295 1910 3348 venit,
1952 3295 2176 3336 difficultas
2215 3301 2355 3334 autem
2384 3309 2469 3335 non
2498 3296 2615 3352 prius

228 3372 330 3420 erat,
362 3380 490 3423 quam
519 3365 649 3419 venit,
679 3365 763 3406 imo
794 3364 1022 3407 adventum
1052 3370 1197 3406 secuta
1226 3371 1301 3407 est.
1370 3363 1443 3407 Sic
1473 3364 1598 3405 etiam
1628 3380 1775 3407 omnes
1806 3380 1882 3407 eae
1913 3366 2146 3407 sententiae
2177 3372 2274 3405 sunt
2301 3365 2613 3422 intelligendae,

229 3450 406 3493 quarum
436 3451 566 3479 causa
596 3436 822 3493 singularis
851 3437 999 3492 regula
1025 3437 1198 3478 inventa
1228 3443 1270 3477 et
1299 3435 1483 3476 inversio
1515 3442 1668 3477 statuta
1695 3443 1771 3489 est,
1802 3444 1847 3476 ut
1876 3452 1885 3477 :
1916 3437 2000 3477 Vix
2031 3451 2245 3487 veneram,
2278 3451 2405 3491 quum
2434 3438 2532 3478 vidi.
