2865 3772
1419 153 1446 191 4

400 284 486 325 hi-‹:
822 285 946 325 hae-c
1381 283 1480 323 110-6
1507 299 1584 338 pro
1614 283 1742 324 hod-c
1857 284 1928 339 qui
2158 302 2266 342 quae
2427 288 2541 343 quod

903 355 1028 410 hujus
2213 358 2332 414 cujus

901 424 1015 469 hui-c
2212 429 2278 472 cui

287 497 417 541 hon-c
443 515 519 557 pro
550 499 691 542 hom-c
1853 512 1982 555 quom

287 569 417 612 hun-c
466 603 487 626 „
547 570 690 612 hum-c
818 569 946 611 han-c
975 584 1053 626 pro
1083 569 1225 611 ham-c
1381 569 1479 611 lio-c
1509 584 1586 626 pro
1617 569 1743 611 hod-c
1851 583 1980 625 quum
2157 586 2284 628 quam
2427 575 2540 632 quod

287 641 385 683 hem
1852 654 1979 697 quem

399 713 496 753 ho-c
819 711 917 752 ha-c
1383 712 1481 752 ho-c
1852 726 1936 768 quo
2157 728 2241 770 qua
2427 732 2509 773 quo

400 784 440 824 hi
820 782 901 823 hae
1379 783 1502 823 hae—c
1842 784 1928 839 rqui
2156 800 2265 840 quae
2426 803 2535 843 quae

398 854 548 896 horum
821 852 971 895 harum
1382 853 1530 895 horum
1857 870 2037 910 quorum
2156 871 2334 911 quarum
2425 876 2603 915 quorum

877 924 966 1035 {his
2207 932 2303 984 quis

901 996 1023 1038 hibus
2183 947 2358 1056 {quibus

402 1068 479 1110 hos
821 1068 898 1110 has
1381 1068 1504 1110 hae-c
1855 1082 1962 1124 quos
2156 1085 2262 1127 quas
2427 1088 2533 1130 quae

374 1193 517 1244 Quom
554 1193 643 1234 sive
684 1206 814 1249 quum
852 1206 946 1233 esse
986 1192 1273 1233 accusativum
1312 1192 1483 1247 generis
1520 1191 1760 1245 masculini,
1806 1191 1932 1233 etiam
1975 1206 2029 1234 ex
2069 1194 2319 1237 correlative
2358 1201 2447 1237 tum
2482 1202 2621 1253 potest

228 1265 433 1320 judicari,
466 1263 579 1320 quod
609 1269 651 1304 et
679 1264 820 1320 ipsum
849 1263 1115 1305 accusativus
1142 1263 1313 1318 generis
1341 1262 1562 1304 masculini
1589 1269 1675 1315 est,
1714 1263 1971 1305 conveniens
2003 1278 2099 1305 cum
2127 1280 2283 1321 graeco
2311 1261 2383 1308 τόν
2410 1273 2452 1308 et
2480 1281 2619 1308 serva·

231 1341 322 1375 tum
350 1335 393 1375 in
422 1335 556 1375 altera
584 1340 706 1390 parte
736 1334 966 1375 accusativi
995 1333 1151 1374 is-tum.
1218 1332 1372 1388 Neque
1403 1332 1514 1373 enim
1558 1332 1740 1373 dubitari
1777 1338 1940 1389 potest,
1983 1333 2085 1389 quin
2119 1334 2220 1387 iste,
2263 1336 2527 1377 immutatum
2567 1351 2621 1377 ex

232 1411 399 1447 vetusto
429 1405 556 1457 istus,
589 1404 673 1446 duo
702 1405 958 1460 pronomina
987 1403 1319 1445 demonstrativa
1348 1403 1581 1454 contineat,
1610 1402 1645 1443 is
1675 1408 1717 1443 ct
1744 1409 1837 1455 tus,
1880 1418 2059 1459 quorum
2088 1405 2267 1447 alterum
2295 1422 2450 1462 graeco
2479 1421 2551 1455 τος
2578 1408 2621 1448 111

232 1469 401 1529 ‹ib-voc,
443 1468 603 1524 αὖ-τός
631 1480 674 1517 61
702 1474 878 1517 articulo
907 1474 976 1516 vel
1004 1474 1145 1531 potius
1176 1472 1506 1515 demonstrativo
1535 1469 1559 1515 ὁ
1586 1472 1830 1530 respondet,
1861 1473 1934 1530 qui
1962 1474 2245 1518 nominativus
2275 1483 2443 1535 aperte,
2472 1493 2496 1520 τ
2523 1477 2566 1519 111
2594 1491 2620 1520 σ

235 1553 278 1590 61
306 1546 460 1589 deinde
489 1547 533 1588 in
562 1546 756 1603 spiritum
785 1560 984 1602 asperum
1014 1560 1232 1597 converse,
1262 1560 1287 1586 a
1314 1558 1390 1593 τος
1419 1544 1707 1600 degeneravit,
1737 1545 1844 1587 sicut
1872 1543 1917 1588 οἱ
1945 1561 1971 1587 3
1997 1543 2090 1599 τοί,
2130 1561 2215 1604 qua
2242 1547 2380 1590 forma
2407 1547 2619 1591 Homerus

234 1619 389 1676 aliique
418 1618 489 1660 1161Ι
512 1624 620 1660 611111.
695 1616 824 1668 Quod
865 1623 1008 1659 autem
1050 1618 1167 1674 prior
1208 1617 1317 1658 illius
1357 1616 1618 1673 pronominis
1663 1633 1762 1674 pars
1800 1633 1887 1659 non
1925 1617 2129 1672 flectitur,
2174 1634 2260 1661 non
2296 1620 2433 1677 magis
2470 1621 2620 1662 mirum

234 1697 299 1732 est
327 1706 456 1746 quam
484 1690 527 1731 in
556 1690 757 1731 alteruter
784 1704 883 1744 gen.
914 1689 1155 1730 alterutrius
1175 1688 1230 1743 ²¹²),
1255 1687 1512 1743 jedermann
1541 1704 1638 1743 gen.
1653 1688 1932 1744 jedermanns
1964 1689 2035 1744 (cf.
2067 1690 2405 1732 dissertationem
2433 1699 2619 1733 nostram

234 1761 334 1804 anni
364 1760 592 1817 superioris
620 1776 662 1817 p.
696 1759 746 1802 17
776 1758 838 1816 n.)

371 1830 746 1888 Argumentationi
783 1845 905 1872 meae
947 1829 1000 1872 de
1042 1844 1171 1885 quum
1208 1835 1251 1871 ct
1288 1835 1376 1871 tum
1407 1836 1661 1872 succurrunt
1693 1829 1818 1872 6113111
1856 1830 2027 1886 gothica
2064 1831 2267 1874 adverbia
2295 1832 2408 1875 hvan
2437 1840 2478 1875 et
2506 1833 2618 1887 than,

232 1901 358 1945 hodie
386 1917 513 1944 wann
543 1902 630 1943 sive
660 1916 785 1943 wenn
814 1907 856 1943 et
884 1900 1010 1942 (131111.
1068 1899 1137 1942 Ε3
1166 1900 1278 1942 6111111
1307 1901 1434 1958 plane
1464 1907 1704 1957 congruunt
1733 1916 1828 1943 cum
1856 1900 1935 1943 illis
1965 1908 2007 1944 et
2035 1902 2194 1960 pariter
2222 1903 2448 1945 accusativi
2469 1904 2617 1960 singul.

232 1989 345 2016 num.
376 1972 547 2032 generis
574 1971 797 2015 masculini
828 1978 924 2014 sunt
953 1971 1025 2027 (cf.
1056 1969 1235 2014 Grimm.
1267 1969 1459 2014 Gramm.
1489 1971 1528 2025 3,
1562 1972 1639 2014 165
1671 1970 1781 2029 181).

369 2045 401 2088 J
404 2059 473 2087 am
501 2058 602 2086 vero
633 2044 826 2102 quaestio
857 2043 1000 2097 oritur,
1031 2042 1389 2101 quemadmodum
1419 2043 1682 2085 accusativus
1703 2058 1831 2101 quum
1858 2043 1910 2085 sit
1929 2044 2205 2102 explicandus
2225 2044 2618 2104 intelligendusque.

232 2118 459 2174 Propriam
487 2117 578 2172 ejus
608 2116 960 2172 significationem
989 2129 1102 2172 pono
1133 2129 1216 2171 quo
1253 2122 1466 2172 tempore,
1503 2115 1598 2168 ubi,
1638 2116 1704 2155 6111
1741 2116 1971 2172 respondet
2008 2116 2384 2157 demonstrativum
2412 2124 2501 2158 tum
2527 2119 2552 2158 i.
2583 2133 2618 2160 e.

233 2203 285 2229 eo
332 2195 549 2245 tempore,
598 2187 668 2227 ibi.
750 2186 920 2227 Eadem
968 2186 1078 2226 inest
1126 2186 1170 2226 in
1223 2192 1369 2226 nostro
1422 2199 1548 2226 wann
1590 2186 1678 2226 sive
1723 2199 1872 2239 wenn,
1926 2193 1972 2227 ut
2024 2187 2151 2228 modo
2201 2187 2299 2228 dixi.
2382 2187 2619 2230 Primordio

232 2266 375 2300 autem
405 2259 521 2311 illud,
552 2260 657 2298 sicut
684 2258 770 2311 ubi,
800 2258 1017 2298 notionem
1046 2258 1127 2297 loci
1158 2257 1416 2297 continuisse
1445 2258 1535 2297 veri
1567 2257 1820 2297 simillimum
1848 2258 1949 2298 mihi
1968 2258 2148 2299 videtur.
2205 2259 2273 2298 Eo
2303 2265 2466 2315 spectat
2494 2260 2618 2301 etiam

231 2330 359 2383 unde,
390 2330 690 2387 compositum,
727 2329 772 2370 id
811 2329 926 2385 quod
962 2329 1232 2370 manifestum
1262 2336 1327 2370 est
1364 2329 1407 2369 in
1446 2328 1658 2381 si-cunde,
1697 2329 1933 2382 ne—cunde,
1974 2345 2027 2372 ex
2067 2345 2198 2386 quum
2237 2336 2279 2371 et
2316 2337 2509 2387 correpto
2552 2331 2617 2384 de,

232 2401 421 2444 similiter
462 2406 590 2457 atque
630 2399 748 2454 inde,
800 2399 854 2442 de
897 2399 1019 2456 cujus
1058 2399 1198 2456 priore
1241 2407 1385 2457 parte,
1426 2399 1664 2442 accusativo
1703 2400 1781 2453 im,
1827 2416 1956 2457 supra
1993 2401 2092 2444 dixi.
2167 2399 2230 2444 Ut
2269 2400 2398 2456 igitur
2436 2401 2534 2444 inde
2578 2410 2619 2445 et

231 2473 330 2515 dein
360 2479 402 2515 et
431 2472 529 2514 exin
561 2471 650 2513 sive
680 2471 792 2513 exim
834 2470 907 2527 (cf.
943 2470 1026 2513 Rh.
1058 2470 1169 2513 Mus.
1198 2472 1222 2513 7
1266 2487 1307 2528 p.
1342 2471 1444 2526 475)
1475 2470 1712 2527 significant
1740 2471 1893 2525 daven,
1923 2488 2008 2515 von
2037 2473 2104 2526 da,
2133 2472 2191 2514 ita
2218 2471 2331 2514 unde
2361 2478 2426 2515 est
2453 2487 2616 2516 wovon.

231 2543 458 2599 Ejusmodi
502 2541 732 2584 accusativi
781 2548 878 2584 sunt
916 2542 1043 2584 etiam
1080 2541 1272 2594 aliunde,
1313 2541 1520 2584 alicunde.
1591 2540 1796 2584 Nostrum
1834 2556 2004 2599 quoque
2042 2556 2225 2585 wannen
2240 2574 2251 2594 ,
2294 2541 2391 2584 ahd.
2420 2542 2618 2587 hwan-an

368 2779 401 2823 ³⁸)
426 2780 504 2812 Huc
529 2781 679 2825 pertinet
702 2780 808 2812 etiam
834 2779 971 2822 aliquis,
997 2779 1092 2822 quod
1117 2780 1352 2823 compositum
1378 2784 1431 2811 est
1455 2788 1499 2811 ex
1522 2784 1659 2811 vetusta
1683 2780 1796 2812 forma
1819 2780 1886 2813 alis
1911 2783 1946 2813 et
1969 2780 2061 2825 quis.
2110 2779 2194 2824 Ejus
2213 2777 2427 2823 significatio
2444 2780 2618 2823 primitiva

229 2850 334 2882 saepe
358 2838 475 2871 adhuc
499 2849 536 2871 66
561 2838 724 2872 ostendit.
773 2838 850 2872 Cic.
875 2836 920 2869 ad
945 2837 1098 2870 Herenu.
1125 2841 1156 2878 2,
1186 2840 1224 2869 17
1261 2839 1281 2878 5
1308 2839 1351 2871 25
1389 2837 1426 2869 si
1452 2837 1551 2870 nulla
1581 2842 1643 2870 aut
1672 2848 1692 2869 6
1723 2839 1849 2870 nostris
1875 2838 2011 2871 civibus
2043 2844 2107 2871 aut
2136 2837 2180 2869 ab
2213 2836 2331 2878 aliqua
2363 2838 2505 2870 civitate
2527 2840 2617 2871 vitu·

229 2898 363 2940 petatio
388 2907 433 2929 ex
459 2907 499 2929 ea
523 2907 560 2929 re
584 2897 806 2940 suscipietur.
855 2896 903 2929 ld.
930 2895 1006 2929 Cat.
1036 2899 1065 2935 1,
1090 2898 1111 2929 8
1135 2898 1154 2937 ξ
1180 2898 1234 2929 20.
1284 2897 1383 2937 Quae
1409 2905 1516 2936 quum
1539 2896 1588 2928 ita
1611 2897 1690 2936 sint,
1716 2895 1878 2937 Catilina,
1901 2895 2054 2937 dubitas,
2080 2897 2110 2929 si
2135 2895 2245 2928 emori
2268 2905 2381 2936 aequo
2406 2896 2521 2928 animo
2547 2907 2618 2930 non

229 2957 350 2998 potes,
386 2953 481 2987 abire
512 2952 549 2986 in
580 2952 718 2996 aliquas
742 2956 852 2986 terras
877 2958 912 2986 et
934 2952 1041 2985 vitam
1065 2952 1182 2992 istam,
1209 2952 1329 2985 multis
1355 2951 1536 2994 suppliciis
1557 2951 1662 2994 justis
1687 2951 1884 2995 debitisque
1909 2958 2082 2995 ereptam,
2121 2952 2226 2995 fugae
2250 2949 2500 2995 solitudinique
2524 2963 2618 2986 man-

229 3011 341 3046 dare?
388 3010 438 3043 Id.
462 3011 560 3043 Brut.
585 3012 629 3043 90
654 3011 674 3050 ἓ
701 3012 768 3043 310
792 3009 1061 3042 Commentabar
1085 3009 1312 3042 declamitans
1337 3034 1345 3041 .
1372 3033 1380 3040 .
1407 3034 1415 3041 .
1440 3018 1542 3052 saepe
1568 3018 1648 3041 cum
1671 3010 1718 3041 M.
1738 3010 1864 3042 Pisone
1889 3014 1924 3042 et
1947 3019 2029 3043 cum
2053 3011 2095 3052 Q.
2120 3009 2288 3053 Pompejo
2312 3013 2374 3040 aut
2396 3017 2476 3041 cum
2500 3009 2617 3053 aliquo

230 3067 397 3110 quotidie.
446 3067 486 3100 Id
509 3078 620 3110 genus
644 3067 715 3099 alia
746 3072 828 3099 sunt
862 3068 896 3099 in
928 3066 1077 3108 Reisigii
1108 3066 1218 3098 schol.
1252 3066 1333 3100 edit.
1366 3065 1411 3098 ab
1435 3066 1554 3099 Haase
1576 3078 1610 3109 p.
1636 3069 1713 3101 338.
1770 3067 1872 3101 Illam
1909 3069 2010 3101 vocis
2047 3068 2218 3111 originem
2256 3072 2290 3099 et
2327 3066 2617 3109 significationem

228 3135 422 3166 agnoscere
445 3124 560 3163 nolle.
585 3124 638 3157 vis
662 3123 748 3156 mihi
772 3123 912 3156 videtur
936 3127 971 3156 et
993 3122 1186 3156 arbitrium.
1233 3124 1371 3166 Injuste
1406 3123 1512 3165 igitur
1547 3123 1659 3157 Haase
1694 3124 1892 3166 refragatur
1928 3126 2110 3168 Reisigio‚
2148 3124 2209 3166 qui
2243 3133 2321 3156 eam
2356 3124 2491 3157 ascivit.
2550 3125 2617 3165 Qui

229 3184 345 3213 autem
381 3186 577 3224 repugnat,
612 3183 796 3224 propterea
819 3179 914 3222 quod
946 3180 1076 3212 dicitur
1100 3179 1228 3222 aliquis
1264 3180 1373 3221 alius,
1412 3179 1504 3211 alius
1535 3179 1678 3223 aliquis,
1714 3191 1794 3213 eum
1819 3181 2017 3224 interrogo,
2050 3190 2134 3214 num
2158 3178 2364 3224 particulam
2389 3181 2493 3213 etiam
2515 3186 2618 3225 neget

229 3237 405 3271 coaluisse
430 3248 473 3270 ex
499 3242 534 3268 et
553 3237 640 3279 jam,
664 3241 847 3279 prepterea
869 3235 962 3278 quod
974 3235 1112 3268 dicatur
1135 3243 1170 3269 et
1194 3237 1307 3277 etiam,
1325 3237 1400 3279 jam
1424 3236 1558 3268 etiam?
1605 3237 1721 3279 Atque
1737 3243 1982 3280 argumentum
1995 3239 2119 3271 afferre
2139 3246 2293 3279 possum,
2317 3235 2419 3278 quod,
2443 3242 2482 3270 ut
2504 3247 2616 3281 spero,

229 3305 301 3327 rem
326 3295 473 3329 decidat.
524 3294 587 3327 Est
617 3299 733 3326 autem
771 3293 848 3326 hoc.
897 3293 1006 3334 Alter,
1031 3299 1118 3334 uter,
1143 3294 1311 3326 alteruter
1335 3294 1427 3326 idem
1452 3293 1494 3325 de
1519 3293 1658 3327 duobus
1681 3295 1830 3327 officium
1854 3299 2043 3337 praestant,
2069 3293 2164 3336 quod
2187 3293 2288 3334 alius,
2312 3295 2403 3336 quis,
2426 3294 2551 3337 aliquis
2574 3296 2615 3329 de

233 3349 402 3394 pluribus.
450 3351 498 3385 Ut
522 3350 631 3394 igitur
654 3349 823 3384 alteruter
845 3354 984 3383 constat
1007 3360 1049 3383 ex
1074 3350 1163 3384 alter
1187 3356 1221 3384 et
1245 3355 1332 3392 uter,
1357 3350 1406 3383 ita
1429 3348 1558 3392 aliquis
1583 3361 1627 3383 ex
1650 3350 1741 3384 alius
1765 3350 1824 3385 vel
1844 3352 1962 3395 potius
1983 3351 2049 3385 alis
2067 3357 2101 3385 et
2121 3352 2199 3394 quis
2212 3354 2374 3384 constare
2385 3361 2531 3386 11666666
2553 3359 2615 3386 est.
