2865 3772
1420 222 1470 264 15³

250 353 334 406 Qui
364 369 494 411 quom
523 354 636 396 hunc
664 361 878 409 accusant,
907 353 1144 409 Naevium,
1173 353 1396 407 Plautum,
1427 353 1613 395 Ennium
1643 357 1855 395 accusant.
1914 350 2004 396 Cic.
2032 354 2077 396 in
2105 353 2230 398 Verr.
2259 355 2298 409 2,
2331 356 2378 397 11
2411 356 2438 408 ἓ
2467 353 2521 396 29
2551 352 2640 396 Sed

247 432 305 478 tu,
337 440 469 482 quum
498 431 541 467 et
566 431 664 467 tuos
693 425 853 467 amicos
881 425 925 467 in
953 425 1217 483 provinciam
1248 425 1368 482 quasi
1397 425 1439 468 in
1469 424 1672 482 praedam
1700 422 1910 466 invitabas
1937 429 1980 466 et
2007 439 2103 467 cum
2122 425 2174 469 iis
2203 441 2253 469 ac
2271 441 2349 484 per
2368 440 2442 469 eos
2461 424 2639 482 praeda-

247 497 353 539 bare
383 504 426 540 et
454 512 528 540 eos
556 496 601 538 in
630 497 828 539 contione
857 497 994 540 anulis
1024 497 1164 539 aureis
1194 497 1407 550 donabas,
1450 511 1535 538 non
1566 495 1781 538 statuebas
1808 494 1884 537 tibi
1912 509 1999 537 non
2029 496 2166 538 solum
2195 497 2248 540 de
2275 497 2379 552 tuis,
2410 496 2485 539 sed
2515 495 2640 539 etiam

250 568 304 612 de
333 568 499 611 illorum
537 567 662 611 factis
700 567 911 611 rationem
949 584 1046 612 esse
1084 568 1383 612 reddendam?
1440 567 1504 610 Id.
1536 567 1588 610 de
1619 567 1704 610 Off.
1734 567 1773 621 3,
1804 567 1854 609 10
1882 568 1909 619 ἓ
1937 567 1994 607 40
2035 565 2180 618 Quum
2210 570 2421 612 Collatino
2452 569 2640 624 collegae

249 639 411 683 Brutus
449 638 674 698 imperium
714 638 978 697 abrogabat,
1017 646 1187 697 poterat
1225 639 1360 683 videri
1398 639 1538 682 facere
1580 638 1623 681 id
1663 635 1856 695 injuste.¹
1902 637 1968 679 Id.
1998 637 2051 679 de
2076 637 2152 681 Or.
2181 641 2221 694 2,
2249 642 2305 682 25
2334 644 2360 694 ξ
2393 641 2470 683 106
2499 639 2641 691 Quum

239 711 302 755 L.
333 710 493 771 Opimii
523 726 696 754 causam
726 710 987 756 defendebat
1015 711 1130 769 apud
1159 711 1375 769 populum,
1405 710 1603 753 audiente
1632 726 1714 764 me,
1744 708 1794 753 C.
1821 708 1964 752 Carbo
1996 712 2143 752 consul
2172 713 2275 754 nihil
2305 713 2357 754 de
2388 711 2436 754 C.
2459 711 2642 753 Gracchi

252 797 357 825 nece
395 782 604 840 negabat,
647 782 724 825 sed
767 783 810 826 id
843 783 942 841 jure
979 797 1058 842 pro
1094 783 1228 827 salute
1271 780 1432 840 patriae
1474 779 1632 824 factum
1659 795 1754 823 esse
1783 778 1963 823 dicebat.
2019 778 2085 823 Id.
2114 797 2192 837 pro
2222 782 2331 838 Leg.
2361 782 2475 825 Man.
2508 784 2527 824 1
2560 784 2586 834 ξ
2614 782 2642 823 2

254 853 398 904 Quum
426 860 604 911 propter
634 853 881 896 dilationem
910 854 1173 897 comitiorum
1200 858 1266 895 ter
1293 856 1465 910 praetor
1491 850 1652 909 primus
1682 850 1880 894 centuriis
1904 850 2065 894 cunctis
2092 853 2357 898 renuntiatus
2387 870 2490 906 sum,
2520 852 2642 896 facile

253 925 462 979 intellexi,
494 932 537 965 et
566 925 669 981 quid
700 925 753 967 de
782 940 851 968 me
873 926 1123 982 judicaretis
1161 931 1203 967 et
1239 923 1339 980 quid
1378 923 1469 965 aliis
1506 923 1865 981 praescriberetis.
1923 922 1987 965 Id.
2019 922 2147 966 Tusc.
2179 924 2354 976 Quaest.
2385 926 2422 979 2,
2456 925 2505 969 12
2535 927 2560 978 ξ
2589 924 2643 967 28

255 996 353 1048 Qua
381 1012 428 1039 re
459 997 560 1038 satis
596 998 698 1038 mihi
736 997 911 1051 dedisti,
950 1013 1079 1054 quum
1117 995 1372 1052 respondisti
1415 995 1554 1051 majus
1595 995 1670 1036 tibi
1712 995 1847 1036 videri
1874 995 2033 1036 malum
2072 995 2258 1039 dedecus
2286 1012 2413 1054 quam
2443 996 2642 1039 dolorem.

253 1068 318 1109 Id.
350 1068 402 1110 ad
433 1067 557 1109 Fam.
590 1069 654 1122 16,
689 1069 739 1110 16
768 1072 795 1122 ξ
830 1071 846 1110 l
878 1068 984 1110 Mihi
1013 1067 1298 1124 gratissimum
1327 1066 1484 1120 fecisti,
1525 1081 1655 1124 quum
1698 1080 1794 1108 eum
1831 1066 1955 1108 nobis
1985 1066 2167 1109 amicum
2194 1082 2321 1124 quam
2351 1084 2518 1111 servum
2550 1082 2643 1110 esse

255 1139 450 1181 maluisti.
508 1139 573 1181 Id.
603 1155 681 1196 pro
711 1139 855 1181 Plane.
889 1140 938 1181 17
969 1142 995 1191 ξ
1024 1139 1079 1180 42
1109 1137 1252 1189 Quum
1281 1138 1359 1179 has
1386 1138 1521 1179 tribus
1552 1137 1739 1191 edidisti,
1774 1137 1931 1193 ignotis
1965 1144 2008 1179 te
2031 1137 2247 1193 judicibus
2275 1139 2336 1181 uti
2364 1139 2487 1181 malle
2518 1154 2644 1196 quam

256 1211 366 1253 notis
393 1210 643 1252 indicavisti.
701 1210 766 1252 Id.
797 1210 851 1252 ad
879 1211 967 1251 Att.
999 1210 1036 1262 7,
1066 1210 1093 1250 3
1122 1212 1147 1261 ξ
1177 1210 1205 1250 5
1245 1207 1385 1259 Quem
1425 1225 1554 1266 quum
1594 1210 1760 1250 ornavit
1788 1208 1920 1262 Cato,
1964 1209 2196 1251 declaravit
2236 1210 2287 1252 iis
2330 1225 2374 1252 se
2421 1211 2518 1252 solis
2561 1225 2645 1252 non

255 1281 467 1335 invidere,
512 1281 665 1337 quibus
703 1280 805 1323 nihil
841 1286 914 1323 aut
951 1296 1036 1322 non
1066 1280 1244 1322 multum
1271 1279 1325 1321 ad
1357 1280 1605 1337 dignitatem
1635 1287 1782 1338 posset
1808 1280 2026 1323 accedere.
2084 1280 2149 1324 Id.
2180 1281 2234 1324 ad
2262 1281 2383 1324 Fam.
2416 1284 2479 1336 ll,
2508 1284 2536 1323 4
2564 1284 2590 1336 ξ
2619 1282 2645 1323 2

257 1352 385 1405 Quod
426 1369 555 1410 quum
591 1352 744 1395 feceris
779 1351 933 1408 (Orell.
962 1352 1115 1406 facies,
1158 1352 1273 1409 quod
1311 1352 1670 1408 improbandum),
1715 1366 1769 1394 ex
1809 1367 1968 1409 magna
2009 1358 2131 1409 parte
2170 1354 2382 1395 communi
2424 1353 2644 1395 commodo

254 1424 508 1467 inservieris.
537 1448 594 1455 —
623 1422 712 1467 Cic.
741 1439 820 1481 pro
850 1423 960 1481 Leg.
989 1423 1106 1466 Man.
1136 1424 1192 1466 20
1220 1426 1246 1477 ξ
1277 1424 1331 1465 59
1372 1422 1498 1479 Cepit
1524 1438 1726 1479 magnum
1764 1439 1866 1466 suae
1903 1423 2068 1465 virtutis
2109 1423 2292 1465 fructum
2330 1440 2379 1466 ac
2419 1425 2644 1482 dignitatis,

255 1499 384 1551 quum
415 1509 562 1537 omnes
591 1510 678 1537 una
705 1510 841 1552 prope
871 1510 978 1536 voce
1014 1494 1057 1535 in
1095 1494 1188 1551 ipso
1225 1509 1304 1534 vos
1333 1508 1453 1550 spem
1483 1494 1701 1535 habituros
1730 1509 1825 1537 esse
1856 1494 2030 1536 dixistis.
2090 1493 2263 1536 Terent.
2294 1495 2428 1536 Andr.
2458 1496 2496 1549 2,
2524 1497 2561 1549 ἵ),
2596 1497 2646 1538 10

251 1564 391 1621 Facis,
422 1572 469 1609 ut
494 1572 538 1608 te
569 1564 705 1619 decet,
736 1581 866 1623 quom
893 1565 1015 1620 istuc,
1044 1564 1158 1622 quod
1188 1565 1369 1622 postulo,
1398 1565 1578 1622 impetro
1610 1580 1704 1607 cum
1734 1565 1883 1621 gratia.
1941 1564 1992 1607 In
2021 1564 2086 1607 his
2116 1564 2282 1607 duobus
2302 1566 2404 1607 locis
2424 1567 2645 1623 postremis

254 1651 442 1692 persona
472 1636 622 1678 variat.

1123 1825 1170 1884 e)
1240 1822 1315 1872 De
1349 1839 1500 1889 quum
1537 1823 1779 1891 opposito.

387 1945 440 1987 Id
480 1959 653 2002 quoque
695 1959 749 1987 ex
784 1959 913 2001 quum
950 1944 1173 2001 temporali
1210 1944 1400 1986 manavit
1427 1944 1696 2001 maximeque
1734 1951 1879 1987 nostro
1918 1944 2120 1987 wahrend
2157 1944 2400 2002 respondet.
2473 1944 2647 1988 Praeter

254 2018 363 2059 hanc
392 2016 583 2073 aliasque
613 2015 937 2072 conjunctiones
967 2015 1257 2056 adversativas
1287 2015 1538 2057 adhibemus
1575 2016 1701 2058 etiam
1732 2015 1786 2058 da
1815 2015 1983 2073 adjecto
2014 2015 2144 2071 doch,
2181 2030 2486 2073 nonnunquam
2514 2016 2647 2059 solum

255 2087 322 2141 da,
349 2093 396 2130 ut
425 2086 596 2130 Goethe
628 2086 729 2128 dicit
757 2086 816 2143 (7,
846 2086 919 2143 84)
951 2101 960 2127 :
1004 2086 1060 2127 du
1098 2087 1264 2127 machst
1304 2086 1414 2127 mich
1445 2101 1523 2143 gar
1550 2102 1646 2128 zum
1675 2086 1838 2141 Diebe,
1882 2086 1936 2130 da
1966 2087 2119 2130 dudie
2148 2087 2307 2130 Diebin
2337 2087 2431 2129 bist.
2505 2086 2646 2139 Quum

255 2159 572 2203 adversativum
600 2165 847 2203 constanter
875 2158 966 2201 fere
996 2159 1308 2216 conjunctivum
1339 2159 1527 2202 sustinet.
1593 2158 1854 2201 Indicativus
1882 2166 2024 2203 tamen
2054 2167 2119 2203 est
2145 2160 2188 2202 in
2218 2160 2282 2201 his
2312 2159 2478 2201 duobus
2507 2160 2608 2201 locis
2638 2175 2647 2201 :

257 2231 347 2276 Cic.
377 2231 433 2275 ad
456 2231 578 2274 Fam.
608 2232 647 2288 3,
678 2231 702 2274 7
733 2234 760 2287 ξ
789 2232 818 2274 5
854 2229 999 2285 Quum
1038 2244 1090 2275 ea
1132 2235 1385 2274 consecutus
1422 2229 1611 2274 nondum
1651 2246 1794 2286 eram,
1837 2247 1946 2289 quae
1990 2238 2088 2275 sunt
2127 2231 2344 2275 hominum
2384 2231 2649 2286 opinionibus

256 2304 539 2362 amplissima,
564 2294 724 2346 'tamen
759 2304 842 2346 ista
878 2308 1024 2346 vestra
1059 2302 1232 2345 nomina
1270 2316 1489 2360 nunquam
1518 2317 1610 2345 sum
1640 2301 1883 2346 admiratus.
1942 2300 2113 2347 Sallust.
2144 2301 2269 2358 Conj.
2299 2300 2393 2346 Cat.
2423 2301 2478 2345 20
2506 2300 2647 2352 Quum

254 2376 424 2416 tabulas
453 2375 589 2431 sig-na,
617 2380 857 2415 toreumata
883 2379 1041 2429 emunt,
1071 2387 1185 2415 nova
1214 2372 1397 2428 diruunt,
1428 2373 1510 2416 alia
1538 2372 1773 2429 aedificant,
1803 2380 2019 2433 postremo
2040 2374 2235 2418 omnibus
2259 2372 2398 2417 modis
2425 2372 2648 2429 pecuniam

255 2448 441 2499 trahunt,
470 2452 642 2499 vexant,
669 2452 813 2488 tamen
843 2459 1008 2487 summa
1035 2444 1209 2487 libidine
1239 2444 1406 2486 divitias
1436 2460 1534 2486 suas
1562 2445 1731 2487 vincere
1760 2453 1990 2503 nequeunt.
