2865 3772
1357 197 1475 261 „19
1545 257 1570 259 „
1609 257 1612 258 γ

227 339 293 383 Id.
324 338 378 382 de
408 338 495 382 Off.
524 339 563 393 2,
592 338 644 380 21
684 340 710 391 ξ
740 337 794 378 75
831 334 1034 377 Nondum
1063 337 1233 372 centum
1262 335 1304 370 et
1333 327 1480 368 decem
1519 328 1619 368 anni
1660 334 1778 378 sunt,
1817 341 1948 382 quum
1987 326 2040 368 de
2078 328 2271 384 pecuniis
2310 325 2554 384 repetundis
2593 340 2618 366 a

228 410 280 458 L.
310 410 470 452 Pisone
498 411 584 452 lata
611 410 682 450 lex
711 414 787 449 est.
843 406 907 447 Id.
929 404 983 445 ad
1001 403 1123 444 Fam.
1148 402 1211 454 15,
1235 402 1286 442 16
1313 403 1339 453 ἓ
1359 400 1387 440 3
1415 399 1517 441 Jam
1544 398 1762 439 biennium
1789 403 1862 439 aut
1888 396 2117 440 triennium
2147 407 2212 441 est
2239 398 2397 456 (suppl.
2416 396 2616 453 tempus),

230 497 362 539 quum
390 481 533 523 virtuti
559 479 752 524 nuntium
780 474 987 519 remisisti.
1044 473 1184 515 Plaut.
1204 471 1338 514 Merc.
1360 471 1399 524 3,
1432 473 1468 523 1,
1496 470 1553 511 44
1580 468 1647 510 Illi
1677 467 1848 526 quidem
1877 466 1991 510 haud
2011 484 2115 511 sane
2135 469 2207 512 diu
2227 477 2293 512 est
2311 485 2441 527 quum
2469 467 2618 510 dentes

231 551 491 595 exciderunt.
547 550 607 592 Et
634 549 760 606 paulo
786 552 884 589 ante
914 561 924 587 z
958 544 1014 601 „J
1016 560 1084 586 am
1113 543 1332 586 biennium
1360 548 1442 593 est,
1483 555 1613 597 quum
1649 554 1815 581 mecum
1853 554 1944 581 rem
1980 539 2050 581 ille
2080 541 2245 598 coepit“
2276 548 2319 583 et
2349 540 2474 598 „Jam
2501 539 2616 581 bien-

230 623 348 665 nium
377 630 464 675 est,
507 637 637 678 quum
664 626 804 662 tecum
832 616 963 659 habet
990 615 1122 659 rem“.
1182 613 1307 658 Caes.
1335 612 1387 655 B.
1418 610 1472 654 G.
1506 613 1542 665 1,
1571 611 1627 653 23
1666 609 1852 654 Omnino
1890 609 2068 653 biduum
2107 619 2328 669 supererat
2370 610 2524 669 (suppl.
2562 609 2617 653 ad

230 691 443 751 tempus),
485 706 615 748 quum
658 687 859 733 exercitui
898 687 1159 730 frumentum
1198 684 1335 728 metiri
1377 688 1604 740 oporteret.
1663 681 1752 725 Cic.
1790 681 1874 740 Ep.
1915 680 1969 723 ad
2006 680 2129 724 Fam.
2161 682 2199 737 7,
2228 684 2282 726 28
2321 686 2347 738 ξ
2379 685 2399 725 1
2443 681 2617 724 Memini

233 763 390 820 (suppl.
419 760 662 818 temporis),
702 774 833 817 quum
868 757 970 800 mihi
1012 757 1207 814 desipere
1235 755 1460 807 videbare,
1500 753 1615 810 quod
1645 768 1739 794 cum
1762 752 1852 794 istis
1879 752 2019 810 potius
2048 751 2216 795 viveres
2245 769 2371 812 quam
2400 753 2616 796 nobiscum

235 834 306 892 (cf.
336 832 424 876 Cic.
454 831 598 874 Divin.
628 831 671 873 in
701 829 858 874 Caecil.
892 829 944 872 13
974 831 1000 882 ἓ
1028 829 1106 882 41;
1146 827 1201 870 id.
1232 826 1286 869 ad
1314 825 1435 867 Fam.
1467 824 1505 878 7,
1535 825 1562 865 3
1591 826 1617 878 ξ
1651 824 1706 880 1).
1763 822 1919 864 Itidem
1958 822 2046 864 sich
2077 824 2276 866 erinnern
2298 825 2419 887 ‘apud
2457 839 2534 865 nos
2575 830 2616 865 et

232 906 477 961 μεμνῆσθαι
502 902 617 983 apud
646 901 840 945 Graecos
870 906 1112 943 constructa
1139 898 1421 941 inveniuntur.
1479 895 1643 937 Luther
1671 894 1833 937 Jerem.
1863 895 1902 948 2,
1930 894 1958 935 2
1986 893 2062 935 Ich
2092 895 2313 952 gedenke,
2356 896 2409 937 da
2439 895 2494 936 du
2523 895 2615 937 eine

233 975 493 1018 freundliche
531 974 669 1031 junge
705 973 843 1015 Dirne
872 972 960 1014 und
989 971 1082 1013 eine
1112 970 1220 1011 liebe
1248 969 1384 1010 Braut
1411 973 1552 1009 warst.
1610 966 1738 1008 Hom.
1769 966 1819 1007 Il.
1846 966 1924 1019 20,
1956 966 2035 1007 188
2077 958 2105 1022 ἢ
2138 960 2190 1008 οὗ
2224 965 2380 1025 μέμνῃ,
2421 961 2491 1009 ὅτε
2531 966 2616 1021 πὲρ

234 1061 282 1090 σε
310 1050 422 1102 βοῶν
450 1042 552 1101 ἀπο,
580 1044 738 1098 μοῦνον
765 1036 907 1099 ἐόντα,
937 1046 1042 1086 σεῦα
1069 1043 1159 1084 κατ’
1186 1037 1345 1083 Ἰδαίων
1373 1035 1521 1093 ὁρέων.
1581 1037 1766 1081 Omnino
1808 1043 1949 1080 autem
1995 1035 2153 1080 Graeci
2193 1033 2268 1082 ὅτε
2310 1038 2510 1082 adverbio
2554 1037 2618 1080 usi

234 1125 342 1172 sunt,
372 1125 418 1160 ut
446 1117 589 1159 Latini
618 1132 760 1200 quum.
816 1115 924 1157 Plat.
955 1115 1046 1155 Alc.
1080 1115 1115 1166 1,
1145 1128 1186 1169 p.
1211 1113 1290 1154 106
1318 1111 1371 1153 E.
1402 1103 1448 1165 ἶν
1474 1105 1629 1165 χρόνος
1655 1105 1725 1152 ὅτε
1753 1106 1830 1162 οὐχ
1865 1107 1971 1165 ἡγοῦ
2000 1107 2176 1154 εἰδέναι.
2232 1112 2360 1153 Hom.
2390 1112 2439 1153 11.
2469 1113 2507 1164 6,
2537 1111 2617 1152 448

222 1182 473 1231 ”Εσσεται’
458 1182 595 1244 ν’μαρ,
634 1183 694 1229 ὅτ’
722 1183 775 1228 ἂν
810 1187 903 1228 ποτ’
932 1178 1072 1242 ὀλώλῃ
1100 1177 1227 1231 Ἴλιος
1264 1175 1347 1237 ιρή.
1408 1181 1610 1238 Xenoph.
1649 1181 1702 1223 de
1740 1181 1848 1238 Rep.
1879 1180 1981 1224 Lac.
2016 1181 2067 1223 14
2106 1184 2132 1235 ξ
2161 1183 2189 1224 5
2224 1183 2309 1226 Καὶ
2338 1178 2387 1239 ἦν
2412 1181 2510 1234 μὲν,
2548 1178 2616 1224 ὅτε

233 1256 537 1312 ἐπεμελοῦντο,
566 1251 683 1308 ὅπως
711 1254 830 1311 α’ξιοι
864 1250 949 1299 εἶεν
973 1252 1195 1314 ἡγεῖσθαι.

366 1346 417 1387 In
446 1346 548 1387 locis
576 1345 656 1386 illis
684 1344 824 1386 latinis
853 1343 1047 1385 videmus
1075 1342 1203 1384 modo
1225 1342 1498 1383 indicativum
1518 1342 1645 1383 modo
1667 1341 1994 1396 conjunctivum,
2026 1340 2079 1382 de
2109 1356 2193 1397 quo
2224 1357 2333 1398 quae
2363 1358 2490 1399 supra
2520 1342 2616 1395 dixi,

233 1417 301 1460 hic
328 1433 414 1459 non
442 1423 645 1473 repetam.
702 1413 1024 1471 Nonnunquam
1053 1420 1231 1470 uterque
1261 1412 1435 1466 modus,
1464 1419 1510 1456 ut
1537 1412 1725 1467 videtur,
1755 1412 1844 1455 sine
1875 1411 2116 1455 discrimine
2144 1420 2323 1470 apparet
2351 1420 2393 1456 et
2422 1413 2535 1471 optio
2565 1428 2618 1456 ex

233 1487 405 1532 arbitrio
435 1486 647 1545 loquentis
676 1485 856 1545 pendet,
897 1485 1012 1543 quod
1040 1484 1196 1542 optime
1237 1484 1280 1526 hi
1311 1483 1393 1527 duo
1423 1484 1504 1527 loci
1532 1490 1710 1541 possunt
1737 1489 1973 1526 monstrare
2003 1498 2013 1526 τ
2044 1482 2133 1527 Cic.
2164 1483 2217 1526 de
2247 1483 2333 1527 Off.
2365 1487 2401 1539 1,
2432 1486 2483 1528 10
2511 1487 2537 1539 ξ
2565 1485 2615 1526 31

230 1559 431 1602 Incidunt
460 1574 588 1615 saepe
614 1564 823 1615 tempora,
858 1573 989 1614 quum
1019 1572 1081 1609 ea,
1113 1571 1223 1612 quae
1252 1556 1435 1598 maxime
1465 1556 1661 1598 videntur
1691 1555 1820 1611 digna
1850 1569 1943 1597 esse
1964 1555 2083 1611 justo
2114 1555 2284 1597 homine
2313 1570 2463 1612 eoque,
2494 1570 2618 1612 quem

232 1629 370 1672 virum
397 1629 559 1671 bonum
589 1627 778 1681 dicimus,
809 1633 1119 1670 commutantur
1147 1626 1340 1682 fiuntque
1371 1625 1591 1668 contraria.
1648 1625 1758 1667 Ibid.
1788 1626 1826 1679 3,
1859 1627 1910 1668 12
1938 1629 1965 1679 ξ
1984 1627 2040 1668 50
2068 1626 2267 1668 Incidunt
2296 1641 2425 1683 saepe
2454 1641 2617 1679 causae,

235 1715 366 1758 quum
395 1714 638 1758 repugnare
676 1697 832 1741 utilitas
872 1697 1083 1740 honestati
1119 1696 1314 1739 videatur
1356 1696 1428 1753 (cf.
1458 1712 1498 1753 p.
1528 1696 1587 1752 5).
1644 1696 1851 1752 Ejusdem
1891 1697 2061 1752 generis
2099 1697 2396 1754 conjunctivus
2433 1697 2619 1754 sequitur

235 1786 472 1829 pronomen
500 1770 723 1813 relativum
761 1768 849 1813 Cic.
881 1769 933 1811 de
965 1769 1050 1812 Off.
1081 1770 1119 1821 3,
1152 1770 1202 1811 10
1240 1771 1266 1821 ξ
1295 1768 1351 1811 40
1397 1767 1595 1810 Incidunt
1631 1769 1787 1811 multae
1831 1784 1958 1825 saepe
1999 1784 2176 1822 causae,
2221 1784 2330 1825 quae
2372 1770 2620 1812 conturbent

235 1843 399 1885 animos
427 1841 617 1884 utilitatis
648 1841 801 1899 specie.

984 2044 1036 2111 b)
1105 2043 1363 2094 Adverbia
1397 2045 1711 2094 usitatissima
1744 2054 1892 2095 sunt:

370 2178 482 2220 Tum
511 2178 598 2220 sive
633 2184 734 2219 tunc
764 2193 917 2235 quum3
947 2193 1058 2219 nunc
1087 2192 1229 2235 quum.
1289 2175 1377 2219 Cic.
1410 2175 1537 2217 Tusc.
1569 2176 1742 2227 Quaest.
1776 2178 1811 2231 1,
1841 2178 1895 2219 45
1925 2180 1950 2231 ξ
1984 2178 2062 2219 109
2101 2176 2220 2219 Mors
2247 2184 2338 2219 tum
2367 2178 2618 2234 aequissimo

237 2250 378 2293 animo
409 2250 633 2306 oppetitur,
664 2264 794 2306 quum
825 2249 911 2292 suis
942 2264 986 2291 se
1016 2249 1210 2291 laudibus
1240 2249 1327 2290 vita
1357 2247 1555 2290 occidens
1583 2248 1790 2289 consolari
1819 2255 1971 2306 potest.
2029 2248 2138 2291 Ibid.
2168 2248 2207 2302 4,
2236 2248 2290 2290 25
2318 2250 2345 2302 ξ
2365 2248 2420 2290 55
2447 2248 2517 2290 An
2545 2249 2619 2291 tibi

236 2319 362 2362 irasci
389 2326 478 2362 tum
506 2320 721 2374 videmur,
766 2334 897 2377 quum
927 2319 1028 2377 quid
1068 2321 1110 2361 in
1154 2320 1293 2362 causis
1330 2319 1468 2361 acrius
1508 2325 1550 2360 et
1585 2319 1877 2361 vehementius
1915 2320 2126 2362 dicimus?
2184 2320 2248 2361 Id.
2277 2319 2397 2362 Lael.
2429 2320 2480 2361 19
2513 2323 2539 2374 ξ
2569 2322 2621 2363 70

237 2390 422 2433 Fructus
460 2390 618 2447 ingenii
656 2397 698 2433 et
732 2391 897 2433 virtutis
935 2391 1156 2448 omnisque
1193 2389 1481 2448 praestantiae
1522 2396 1610 2430 tum
1650 2390 1858 2432 maximus
1900 2391 2089 2449 capitur,
2135 2406 2265 2448 quum
2302 2390 2346 2432 in
2383 2391 2620 2448 proximum

238 2476 451 2518 quemque
481 2461 705 2504 confertur.
762 2461 826 2504 Id.
858 2462 911 2504 de
942 2461 1018 2505 Or.
1047 2462 1086 2515 2,
1120 2463 1170 2504 19
1199 2465 1226 2516 ἓ
1255 2462 1310 2503 82
1338 2461 1438 2518 Ego
1468 2461 1569 2502 mihi
1596 2461 1850 2503 benevolum
1873 2461 2248 2519 judicem-facilius
2266 2461 2407 2503 facere
2435 2477 2619 2519 possum,

238 2547 368 2591 quum
405 2547 497 2575 sum
526 2532 569 2574 in
608 2547 731 2575 cursu
771 2533 996 2586 orationis,
1041 2548 1168 2590 quam
1206 2548 1336 2590 quum
1376 2532 1518 2574 omnia
1556 2539 1652 2575 sunt
1688 2533 1903 2589 inaudita3
1962 2534 2142 2576 docilem
2186 2539 2327 2575 autem
2366 2547 2452 2574 non
2493 2549 2621 2591 quum

238 2605 441 2662 polliceor
471 2619 538 2646 me
569 2604 972 2659 demonstraturum,
1014 2605 1088 2648 sed
1123 2612 1212 2648 tum
1243 2621 1374 2662 quum
1405 2605 1538 2647 doceo
1568 2612 1610 2647 et
1638 2606 1834 2662 explano.
1891 2605 1955 2648 Id.
1985 2606 2041 2649 ad
2068 2606 2191 2649 Fam.
2220 2606 2259 2659 6,
2288 2605 2340 2646 21
2368 2607 2394 2659 ξ
2427 2607 2448 2646 1
2480 2604 2622 2658 Quum

238 2675 397 2733 aliquid
425 2675 652 2719 videbatur
679 2676 820 2718 caveri
847 2692 986 2733 posse,
1016 2683 1105 2719 tum
1133 2677 1175 2719 id
1205 2677 1367 2733 negligi
1398 2676 1620 2731 dolebam,
1650 2692 1762 2719 nunc
1787 2692 1889 2719 vero
1911 2678 2072 2720 eversis
2101 2677 2296 2720 omnibus
2322 2676 2463 2730 rebus,
2494 2692 2622 2734 quum

239 2747 412 2789 consilio
441 2748 589 2804 profici
617 2747 719 2789 nihil
747 2748 901 2803 possit,
943 2765 1028 2790 una
1066 2749 1172 2790 ratio
1202 2748 1388 2800 videtur,
1431 2747 1635 2803 quidquid
1665 2749 1866 2802 evenerit,
1894 2749 2006 2792 ferre
2035 2750 2267 2791 moderate.
2324 2748 2388 2789 Id.
2418 2748 2473 2790 ad
2501 2748 2620 2792 Fam.

239 2817 278 2870 9,
311 2817 361 2859 16
390 2820 416 2870 ξ
447 2818 470 2860 7
501 2817 627 2871 Tum,
658 2834 789 2875 quum
817 2833 908 2860 rem
936 2818 1137 2872 habebas,
1168 2819 1455 2876 quaesticulus
1483 2824 1524 2860 te
1555 2819 1737 2862 faciebat
1756 2819 2047 2875 attentiorem3
2075 2835 2200 2872 nunc,
2232 2833 2361 2876 quum
2379 2824 2466 2861 tam
2486 2834 2621 2877 aequo

239 2888 380 2931 animo
409 2888 523 2931 bona
550 2889 718 2947 perdas,
748 2905 835 2932 non
863 2904 914 2932 eo
946 2890 1001 2931 sis
1031 2890 1203 2933 consilio
1235 2897 1312 2933 etc.
1371 2889 1436 2932 Id.
1467 2904 1544 2946 pro
1573 2888 1683 2933 Mur.
1713 2891 1741 2933 3
1769 2894 1795 2945 ξ
1816 2892 1842 2934 6
1873 2890 2001 2943 Quod
2031 2893 2066 2934 si
2094 2898 2196 2945 tum,
2227 2905 2356 2948 quum
2385 2891 2622 2948 respublica

238 2960 325 3001 vim
356 2966 397 3001 et
427 2960 694 3002 severitatem
725 2960 1007 3013 desiderabat,
1039 2962 1118 3002 vici
1147 2968 1341 3003 naturam
1372 2968 1414 3002 et
1442 2967 1527 3001 tam
1556 2962 1786 3004 vehemens
1815 2963 1887 3016 fui,
1918 2979 2045 3019 quam
2073 2964 2286 3019 cogebar3
2328 2977 2452 3015 nunc,
2493 2978 2622 3019 quum

239 3045 389 3072 omnes
418 3045 486 3072 me
516 3045 668 3073 causae
698 3030 752 3073 ad
778 3031 1112 3074 misericordiam
1141 3038 1269 3089 atque
1298 3031 1353 3074 ad
1382 3031 1685 3074 humanitatem
1713 3040 1886 3087 vocent,
1931 3040 2090 3091 quanto
2118 3034 2290 3077 tandem
2320 3032 2457 3074 studio
2486 3034 2621 3076 debeo

237 3107 415 3144 naturae
445 3116 566 3144 meae
597 3101 974 3160 consuetudinique
1004 3102 1195 3145 servire‘?
1252 3102 1361 3146 Ibid.
1392 3105 1418 3156 ξ
1449 3103 1475 3145 8
1504 3102 1655 3160 Neque
1686 3104 1816 3159 enim,
1848 3105 1881 3148 si
1909 3105 1986 3148 tibi
2014 3112 2123 3160 tum,
2163 3120 2293 3162 quum
2329 3110 2497 3161 peteres
2525 3121 2621 3149 con-

239 3173 435 3225 sulatum,
466 3172 595 3225 adfui,
625 3188 749 3226 nunc,
780 3189 908 3230 quum
927 3173 1153 3216 Murenam
1177 3174 1316 3230 ipsum
1344 3181 1488 3231 petas,
1519 3174 1687 3230 adjutor
1715 3176 1867 3218 eodem
1895 3183 2020 3233 pacto
2051 3192 2145 3219 esse
2178 3176 2328 3217 debeo.
2384 3174 2623 3220 Mommsen

223 3243 372 3284 'Inscn
403 3242 500 3284 Lat.
522 3242 606 3284 Tit.
627 3244 708 3284 206
738 3243 862 3296 Tum,
892 3261 987 3286 cum
1018 3261 1069 3286 ea
1098 3261 1166 3286 res
1197 3246 1498 3287 consuleretur.
1557 3244 1644 3288 Cic.
1674 3247 1715 3288 in
1746 3247 1869 3289 Verr.
1899 3248 1938 3300 4,
1968 3249 2019 3289 21
2052 3251 2079 3300 ἓ
2107 3248 2162 3288 46
2192 3246 2333 3289 Credo
2362 3253 2463 3299 tum,
2494 3264 2622 3303 quum

241 3310 385 3356 Sicilia
412 3311 594 3356 florebat
614 3312 766 3371 opibus
795 3321 837 3357 et
855 3314 999 3373 copiis,
1028 3331 1186 3372 magna
1207 3314 1382 3358 artificia
1400 3314 1530 3358 fuisse
1550 3315 1592 3359 in
1615 3333 1666 3360 ea
1685 3316 1833 3361 insula.
1893 3316 1957 3361 Id.
1979 3317 2032 3362 de
2052 3317 2128 3362 Or.
2149 3316 2188 3371 2,
2208 3316 2261 3361 37
2291 3318 2317 3370 ξ
2343 3317 2422 3361 154
2448 3316 2623 3364 Referta

241 3384 454 3441 quondam
483 3384 609 3428 Italia
635 3384 713 3428 fuit
740 3392 850 3439 tum,
892 3403 1021 3444 quum
1051 3394 1142 3430 erat
1169 3387 1212 3429 in
1241 3386 1321 3430 hac
1350 3393 1479 3444 gente
1508 3403 1665 3446 magna
1693 3388 1764 3432 illa
1793 3389 1989 3433 Graecia.
2047 3389 2112 3434 Id.
2143 3388 2196 3433 de
2229 3388 2304 3433 Or.
2338 3389 2373 3443 1,
2402 3390 2457 3433 55
2486 3393 2511 3445 ἓ
2541 3391 2621 3435 234
