2865 3772
1398 196 1447 239 13

364 332 507 371 Antea
535 344 691 386 quum3
723 335 873 386 postea
899 343 1042 386 quum.
1100 329 1190 372 Cic.
1219 329 1274 371 ad
1300 330 1390 370 Att.
1421 330 1485 382 11,
1513 330 1542 369 4
1571 332 1597 382 ξ
1629 331 1650 370 1
1688 330 1789 371 Non
1817 331 1930 372 enim
1961 345 2013 372 ea
2041 337 2157 385 sunt,
2186 345 2297 389 quae
2324 339 2444 374 erant
2470 340 2608 387 antea,

234 416 386 456 quum,
428 407 475 440 ut
516 400 619 440 nihil
660 400 796 452 aliud,
841 401 1015 440 comites
1053 415 1122 440 me
1158 407 1200 440 et
1236 401 1374 440 socios
1411 400 1571 440 habere
1598 401 1813 456 putabam.
1870 402 1935 442 Id.
1964 403 2008 441 in
2035 401 2160 442 Verr.
2185 403 2225 455 3,
2252 404 2305 442 41
2333 405 2360 455 ἓ
2388 404 2443 443 94
2467 406 2609 445 Antea

233 488 363 528 quum
392 477 590 527 equester
617 470 721 513 ordo
745 470 970 527 judicaret,
998 470 1181 527 improbi
1210 477 1252 513 et
1279 486 1457 528 rapaces
1484 470 1758 526 magistratus
1785 471 1828 514 in
1856 472 2084 529 provinciis
2112 472 2401 515 inserviebant
2425 474 2608 530 publica-

232 544 310 586 nis.
367 542 432 585 Id.
462 541 517 585 ad
544 542 665 586 Fam.
695 543 734 597 2,
767 543 818 585 19
846 545 873 597 ξ
905 544 927 585 1
969 541 1129 585 Postea
1169 556 1300 599 quum
1340 542 1442 584 mihi
1481 541 1584 584 nihil
1622 556 1763 599 neque
1800 557 1827 584 a
1862 550 1904 586 te
1939 544 2033 601 ipso
2071 558 2212 601 neque
2248 543 2303 587 ab
2330 544 2417 586 ullo
2446 544 2527 587 alio
2556 545 2608 588 de

233 614 419 658 adventu
445 620 519 657 tuo
549 614 814 669 scriberetur,
843 614 1037 668 verebar,
1066 628 1120 658 ne
1148 613 1193 657 id
1219 614 1280 657 ita
1307 613 1490 657 caderet.
1547 612 1674 657 Caes.
1701 612 1754 656 B.
1784 612 1834 658 C.
1863 615 1902 669 2,
1934 615 1982 658 17
2012 614 2172 659 Postea
2198 629 2314 670 vero,
2344 630 2474 673 quum
2502 615 2608 661 Cae-

233 700 371 729 sarem
400 684 455 729 ad
482 684 715 729 Massiliam
745 685 923 730 detineri
951 685 1151 743 cognovit
1180 719 1189 729 .
1220 719 1230 729 .
1261 718 1270 729 .
1298 700 1344 728 se
1373 699 1544 743 quoque
1573 684 1628 728 ad
1654 690 1793 728 motus
1821 685 2014 730 fortunae
2041 701 2216 730 movere
2244 686 2396 746 coepit.

366 768 565 821 Quotidie
613 785 769 826 quum3
819 784 948 826 saepe
990 784 1141 826 quum3
1182 784 1370 826 unquam
1416 784 1559 826 quum.
1634 767 1724 811 Cic.
1766 784 1844 826 pro
1886 768 1973 811 Mil.
2010 772 2038 813 5
2080 774 2107 825 ξ
2139 771 2191 812 12
2231 770 2432 822 Quotidie
2472 785 2611 813 meam

233 840 465 897 potentiam
503 840 709 883 invidiose
752 840 1070 895 criminabatur,
1115 855 1246 898 quum
1286 839 1465 894 diceret,
1505 846 1700 882 senatum
1741 854 1828 881 non
1866 839 1980 897 quod
2019 841 2210 896 sentiret,
2254 840 2331 884 sed
2371 840 2485 900 quod
2528 856 2611 899 ego

232 911 384 953 vellem
441 911 682 953 decernere.
768 909 897 954 Corn.
947 910 1059 968 Nep.
1101 910 1210 954 Cim.
1247 911 1276 952 4
1323 909 1486 968 Saepe,
1534 925 1665 968 quum
1721 909 1905 967 aliquem
1961 911 2169 954 offensum
2224 911 2395 954 fortuna
2448 911 2613 954 videret

231 983 370 1023 minus
395 983 507 1024 bene
536 983 756 1036 vestitum,
789 997 911 1024 suum
940 983 1165 1024 amiculum
1192 982 1320 1024 dedit.
1376 981 1476 1023 Huc
1503 982 1715 1038 pertinent
1743 982 1894 1035 etiam,
1934 982 1977 1023 ni
2011 982 2157 1036 fallor,
2195 983 2225 1024 ii
2250 983 2351 1037 loci,
2386 983 2430 1024 in
2459 983 2612 1040 quibus

233 1068 363 1110 quum
405 1068 457 1096 ex
496 1054 629 1095 verbo
673 1053 797 1095 audio
838 1054 1004 1096 videtur
1045 1053 1246 1110 pendere.
1316 1052 1405 1096 Cic.
1435 1053 1488 1095 de
1516 1052 1592 1096 Or.
1625 1055 1669 1106 l,
1697 1053 1751 1094 28
1788 1056 1815 1106 ξ
1848 1053 1927 1094 129
1971 1051 2112 1110 Saepe
2153 1054 2265 1095 enim
2306 1054 2422 1095 soleo
2465 1053 2611 1095 audire

232 1124 457 1178 Roscium,
489 1139 618 1181 quum
647 1125 704 1166 ita
734 1125 865 1179 dicat,
896 1140 941 1167 se
971 1125 1110 1166 adhuc
1137 1125 1325 1181 reperire
1356 1124 1628 1181 discipulum,
1668 1138 1794 1180 quem
1823 1124 1996 1180 quidem
2024 1124 2238 1181 probaret,
2266 1124 2454 1181 potuisse
2481 1125 2610 1166 nemi·

232 1210 342 1237 nem.
400 1195 508 1237 Ibid.
533 1196 572 1249 2,
602 1196 628 1237 6
658 1198 683 1249 ξ
710 1196 764 1237 22
793 1194 936 1253 Saepe
966 1210 1019 1237 ex
1050 1209 1197 1237 socero
1226 1209 1322 1236 meo
1351 1195 1504 1248 audivi,
1532 1209 1661 1252 quum
1679 1196 1715 1237 is
1736 1195 1895 1237 diceret
1923 1202 2001 1237 etc.
2059 1195 2168 1238 Ibid.
2197 1196 2236 1249 2,
2266 1195 2321 1237 33
2350 1198 2377 1249 ξ
2406 1196 2485 1237 144
2510 1195 2612 1239 Jam

231 1266 275 1308 id
304 1266 475 1323 quidem
505 1282 633 1323 saepe
663 1281 716 1308 ex
745 1281 795 1308 eo
825 1266 967 1308 audivi
981 1299 993 1320 ,
1041 1280 1171 1322 quum
1212 1265 1371 1307 diceret
1413 1266 1493 1307 sibi
1531 1272 1691 1307 certum
1728 1280 1822 1307 esse
1862 1281 1888 1307 a
1918 1266 2090 1322 judiciis
2127 1266 2351 1323 causisque
2381 1265 2611 1308 discedere.

232 1337 296 1380 Id.
326 1337 446 1380 Brut.
475 1339 529 1380 56
561 1341 588 1392 ξ
616 1338 698 1380 2Οὸ
727 1336 868 1395 Saepe
899 1352 954 1380 ex
982 1352 1032 1379 eo
1063 1337 1217 1391 audivi,
1248 1351 1378 1394 quum
1408 1352 1453 1379 se
1483 1336 1667 1378 scribere
1696 1351 1835 1394 neque
1864 1351 2093 1380 consuesse
2114 1352 2255 1395 neque
2283 1351 2412 1396 posse
2441 1337 2611 1380 diceret.

232 1410 296 1452 Id.
325 1425 403 1466 pro
424 1410 552 1452 Dom.
572 1411 627 1453 35
653 1413 678 1463 ξ
698 1411 753 1452 93
782 1409 889 1461 Quis
917 1424 1105 1466 unquam
1134 1409 1306 1462 audivit,
1336 1424 1467 1465 quum
1495 1423 1577 1465 ego
1608 1408 1661 1451 de
1680 1424 1748 1451 me
1771 1410 1852 1450 nisi
1872 1416 2042 1452 coactus
2061 1425 2112 1452 ac
2130 1411 2370 1453 necessario
2391 1410 2613 1453 dicerem?

232 1480 296 1524 Id.
327 1481 381 1524 ad
409 1480 531 1524 Fam.
561 1481 599 1535 3,
630 1481 654 1523 7
685 1484 711 1535 ξ
739 1482 767 1523 4
795 1482 837 1524 Α
866 1480 1093 1534 Pausania,
1121 1480 1293 1523 Lentuli
1320 1479 1495 1533 liberto,
1525 1493 1706 1522 accenso
1733 1494 1830 1522 meo
1839 1512 1850 1533 ,
1881 1480 2035 1534 audivi,
2065 1495 2195 1537 quum
2223 1480 2404 1535 diceret,
2446 1487 2489 1524 te
2519 1495 2613 1524 esse

233 1559 440 1608 questum,
472 1552 586 1608 quod
614 1553 690 1594 tibi
720 1553 888 1594 obviam
917 1567 1003 1593 non
1033 1551 1283 1607 prodissem.
1340 1551 1405 1591 Id.
1436 1551 1488 1592 de
1516 1551 1611 1592 Fin.
1644 1552 1680 1604 1,
1709 1552 1737 1592 5
1765 1554 1791 1604 ξ
1815 1553 1866 1593 16
1893 1552 1989 1593 Nisi
2017 1552 2119 1593 mihi
2141 1552 2398 1605 Phaedrum,
2426 1553 2612 1608 inquam,

232 1623 453 1666 mentitum
482 1629 554 1666 aut
581 1622 801 1666 Zenonem
829 1628 975 1680 putas,
1006 1637 1185 1679 quorum
1212 1627 1438 1679 utrumque
1468 1621 1610 1664 audivi
1624 1654 1635 1675 ,
1675 1637 1805 1679 quum
1833 1622 1934 1665 mihi
1962 1622 2065 1666 nihil
2091 1637 2193 1666 sane
2221 1629 2390 1681 praeter
2418 1622 2612 1666 sedulita-

231 1700 318 1737 tem
346 1694 589 1751 probarent,
619 1709 767 1736 omnes
795 1693 895 1736 mihi
924 1693 1101 1750 Epicuri
1131 1693 1363 1736 sententiae
1394 1693 1494 1735 satis
1523 1699 1649 1736 notae
1678 1700 1787 1735 sunt.
1844 1694 1896 1736 In
1925 1695 2082 1736 ultimis
2111 1694 2277 1737 duobus
2294 1695 2397 1737 locis
2416 1695 2611 1752 supplen-

233 1765 334 1809 dum
363 1771 427 1808 est
455 1764 703 1808 adverbium
731 1765 964 1823 temporale
993 1764 1255 1808 indefinitum
1284 1764 1510 1822 aliquando
1539 1764 1608 1808 vel
1637 1764 1859 1822 aliquoties
1888 1765 2040 1808 eodem
2064 1765 2212 1820 modo,
2249 1781 2333 1824 quo
2362 1781 2491 1824 saepe
2516 1781 2612 1824 pro·

232 1852 387 1881 nomen
427 1836 689 1880 indefinitum
728 1836 903 1894 aliquis,
948 1835 1105 1894 aliquid
1147 1841 1245 1879 ante
1288 1836 1521 1879 relativum.
1589 1834 1920 1893 Conjunctivus,
1967 1852 2093 1894 quem
2122 1837 2165 1880 in
2193 1837 2257 1880 his
2286 1837 2482 1881 omnibus
2510 1837 2613 1881 locis

233 1909 613 1967 deprehendimuS,
653 1924 707 1951 ex
742 1908 923 1966 repetita
964 1907 1128 1951 actione
1165 1907 1405 1951 redundare
1443 1907 1544 1950 mihi
1572 1908 1738 1950 videtur
1765 1923 1925 1965 eoque,
1970 1908 2030 1951 uti
2067 1914 2218 1966 postea
2257 1908 2516 1963 videbimus,
2558 1924 2611 1952 ne

234 1979 385 2025 Cicero
418 1979 589 2039 quidem
618 1995 663 2023 se
693 1979 904 2023 abstinuit.

1392 2280 1464 2335 Π.

996 2404 1092 2466 De
1131 2403 1591 2485 Gonjunetione
1630 2422 1843 2483 quum.

353 2538 624 2595 ,conjunctio
654 2554 784 2596 quum
814 2537 1022 2595 significat
1048 2537 1129 2580 tria
1158 2552 1167 2579 :
1199 2536 1404 2594 Tempus,
1435 2551 1618 2590 causam,
1649 2536 1969 2593 oppositionem.

1084 2658 1132 2725 a)
1199 2658 1274 2708 Dc
1307 2677 1460 2726 quum
1494 2657 1768 2725 temporali.

369 2760 513 2812 Quum
540 2760 785 2817 temporalis
815 2765 912 2800 sunt
940 2758 1022 2800 duo
1044 2772 1215 2814 genera,
1244 2772 1375 2798 unum
1400 2757 1454 2799 de
1472 2757 1637 2799 actione
1658 2756 1788 2798 semel
1806 2755 1930 2807 facta,
1965 2755 2142 2797 alterum
2162 2754 2216 2796 de
2237 2755 2404 2798 actione
2424 2756 2616 2814 repetita.

613 2882 654 2938 1)
711 2882 781 2924 De
811 2896 942 2938 quum
968 2879 1201 2937 temporali,
1231 2878 1345 2936 quod
1373 2877 1560 2935 pertinet
1588 2877 1643 2919 ad
1672 2876 1880 2919 actionem
1909 2875 2040 2917 semel
2067 2875 2238 2919 factam.

368 2969 512 3023 Quum
550 2970 784 3028 temporale
820 2969 873 3013 de
911 2984 998 3012 una
1034 2968 1198 3012 actione
1234 2966 1467 3010 adhibitum
1503 2971 1650 3008 nostra
1685 2964 1832 3022 lingua
1857 2963 1985 3006 variis
2014 2963 2382 3022 conjunctionibus
2411 2965 2616 3024 exprimit.

238 3040 349 3085 Sunt
376 3048 519 3085 autem
547 3057 557 3084 t
585 3034 734 3085 Wenn
763 3041 852 3084 sive
880 3056 1026 3096 wann,
1056 3041 1138 3095 als,
1176 3039 1252 3094 da,
1288 3036 1513 3091 wahrend,
1552 3036 1764 3079 interdum
1793 3035 1941 3078 sobald
1970 3036 2047 3079 als.
2104 3035 2192 3080 Pro
2218 3038 2281 3080 als
2308 3038 2377 3080 vel
2407 3037 2462 3080 da
2489 3052 2617 3096 saepe

237 3114 318 3157 dici
345 3100 473 3173 posse
501 3114 723 3169 nachdem,
752 3129 831 3172 per
859 3129 904 3157 se
932 3113 1189 3171 intelligitur.
1244 3111 1487 3168 Antequam
1516 3115 1658 3152 autem
1685 3108 1860 3151 latinum
1889 3123 2022 3166 quum
2051 3109 2305 3168 aggredior,
2333 3109 2618 3153 necessarium

234 3186 337 3229 mihi
365 3185 551 3240 videtur,
591 3201 730 3243 pauca
768 3185 821 3228 de
856 3184 937 3228 illis
972 3184 1188 3243 particulis
1221 3181 1474 3241 germanicis
1508 3180 1778 3239 praemittere
1792 3213 1803 3234 ,
1849 3195 1961 3237 quae
2001 3197 2131 3240 saepe
2168 3197 2308 3240 neque
2336 3188 2450 3225 recte
2478 3197 2619 3240 neque

237 3255 431 3301 distincte
474 3257 695 3315 capiuntur
708 3289 720 3311 ‚
776 3256 820 3299 id
863 3255 979 3313 quod
1021 3255 1076 3298 ad
1116 3253 1455 3313 perspiciendam
1493 3251 1863 3309 adhibendamque
1918 3253 2170 3310 particulam
2225 3269 2356 3311 quum
2409 3268 2496 3295 non
2524 3253 2618 3297 leve

236 3326 583 3384 impedimentum
624 3334 700 3371 est.
784 3327 977 3370 Primum
1019 3327 1204 3369 omnium
1243 3323 1664 3367 animadvertendum
1707 3330 1794 3377 est,
1837 3339 1965 3366 wenn
2012 3332 2063 3375 et,
2100 3340 2227 3367 wann
2272 3340 2358 3367 non
2411 3339 2530 3379 esse,
2574 3334 2620 3368 ut

235 3398 365 3453 vulgo
404 3400 685 3452 existimatur,
726 3399 917 3441 diversas
952 3413 1103 3451 voces,
1145 3396 1220 3440 sed
1257 3396 1446 3439 diversas
1480 3396 1638 3437 formas
1672 3395 1866 3451 ejusdem
1895 3397 2025 3437 vocis.
2081 3397 2255 3453 Resque
2289 3396 2349 3437 sic
2381 3409 2428 3437 se
2458 3395 2617 3437 habet:
