2865 3772
356 1356 487 1400 Nulla
516 1364 582 1400 est
609 1357 781 1416 linguae
810 1357 965 1400 latinae
993 1357 1211 1415 particula,
1241 1357 1362 1414 cujus
1390 1371 1494 1399 usus
1522 1356 1576 1398 sit
1602 1356 1863 1414 frequentior
1890 1357 2112 1414 magisque
2141 1357 2308 1411 varius,
2336 1357 2466 1412 nulla,
2498 1371 2609 1415 quae

225 1438 268 1473 et
296 1430 547 1473 docentibus
575 1437 619 1473 et
647 1430 905 1473 discentibus
932 1430 1028 1487 plus
1057 1429 1258 1472 exhibeat
1285 1428 1554 1484 difficultatis,
1585 1443 1714 1487 quam
1740 1428 1948 1487 particula
1975 1444 2116 1487 quum.
2173 1428 2326 1487 anue
2354 1428 2450 1487 ipsa
2478 1444 2609 1473 causa

221 1508 298 1557 est,
328 1516 403 1545 cur
430 1516 521 1545 rem
548 1503 675 1545 toties
703 1502 757 1544 ab
787 1502 879 1544 aliis
906 1508 1129 1544 tractatam
1166 1502 1354 1544 recolere
1391 1516 1532 1542 coner.
1603 1500 1808 1543 Fortasse
1844 1500 1947 1542 mihi
1983 1500 2216 1558 continget,
2253 1507 2301 1543 ut
2337 1500 2609 1545 difficultates

220 1574 288 1616 vel
324 1574 603 1617 obscuritates
632 1575 795 1631 aliquas
828 1574 966 1615 levem
1002 1573 1071 1615 vel
1099 1573 1265 1627 tollam,
1304 1572 1432 1630 idque
1473 1573 1575 1615 satis
1612 1587 1817 1629 magnum
1855 1572 1957 1614 mihi
1994 1572 2175 1630 pretium
2210 1572 2288 1614 erit
2324 1572 2481 1616 laboris
2511 1588 2607 1616 sero

222 1645 418 1702 suscepti.

353 1716 544 1758 Primum
574 1716 711 1759 dicam
740 1717 793 1758 de
821 1717 960 1759 forma
988 1723 1031 1758 et
1057 1717 1100 1758 vi
1129 1715 1373 1774 particulae,
1403 1716 1555 1759 deinde
1589 1716 1642 1759 de
1671 1731 1752 1759 usu
1781 1717 1875 1773 ejus
1904 1716 2149 1773 syntactico.

352 1788 452 1832 Non
481 1794 624 1846 potest
639 1788 846 1844 dubitari,
876 1788 978 1846 quin
1006 1788 1144 1830 forma
1172 1788 1266 1845 ejus
1295 1788 1585 1845 antiquissima
1613 1803 1742 1845 quom
1770 1788 1910 1842 fuerit,
1939 1787 2053 1830 unde
2076 1795 2227 1845 postea
2254 1802 2383 1844 quum
2411 1787 2481 1830 vel
2510 1803 2607 1830 cum

222 1861 380 1902 factum
410 1860 475 1901 sit.
532 1859 584 1900 Id
612 1861 841 1918 praecipue
870 1860 1142 1917 cognoscitur
1171 1875 1225 1901 ex
1252 1860 1595 1916 inscriptionibus
1623 1860 1764 1903 latinis
1777 1893 1788 1913 ,
1819 1875 1998 1916 quarum
2026 1858 2332 1902 vetustissimae
2362 1865 2608 1903 constanter

220 1947 349 1989 quom
377 1938 560 1973 servant.
618 1931 685 1973 Cf.
714 1931 955 1973 Mommsen
991 1931 1126 1973 Inscr.
1155 1931 1252 1974 Lat.
1282 1931 1367 1974 Tit.
1399 1932 1489 1985 196,
1515 1932 1542 1975 9
1572 1932 1645 1986 18;
1678 1932 1770 1986 198,
1799 1931 1854 1975 32
1883 1931 1938 1974 70
1967 1931 2042 1987 713
2071 1930 2164 1985 2(Ὀ,
2191 1928 2247 1973 53
2273 1928 2328 1973 63
2357 1928 2412 1973 79
2441 1929 2494 1974 87
2524 1929 2605 1987 88;

218 2003 313 2057 205,
345 2005 366 2045 1
400 2003 477 2057 183
517 2003 611 2056 206,
645 2004 665 2044 1
699 2003 751 2045 15
780 2003 858 2044 117
890 2004 966 2045 151
1000 2004 1090 2046 161.
1161 2002 1225 2046 Ut
1266 2019 1420 2061 quom,
1462 2003 1521 2046 ita
1564 2002 1690 2047 etiam
1729 2018 1968 2061 quomque,
2011 2001 2221 2059 adjectum
2259 2001 2314 2045 ad
2350 2002 2605 2060 pronomina

218 2074 415 2129 relativa,
457 2074 502 2116 in
529 2073 611 2117 illis
651 2074 946 2117 vetustissimis
972 2074 1317 2132 inscriptionibus
1346 2090 1392 2118 se
1426 2074 1610 2118 ostendit
1639 2090 1648 2117 :
1679 2072 2007 2133 Queiquomque
2036 2074 2061 2116 i.
2091 2088 2127 2116 e.
2158 2073 2399 2131 quicunque
2431 2073 2523 2129 197,
2551 2074 2604 2130 53

218 2146 312 2201 200,
341 2147 422 2201 503
459 2145 554 2200 202,
583 2146 611 2189 2
641 2146 693 2189 19
719 2146 800 2201 22;
842 2146 945 2201 205,
974 2147 1014 2201 2,
1043 2146 1122 2202 53;
1165 2147 1260 2202 206,
1292 2146 1342 2189 17
1370 2146 1425 2190 98
1455 2147 1558 2203 151,
1601 2146 1702 2205 quei
1730 2161 1966 2205 quomque,
1996 2160 2090 2188 cum
2125 2145 2347 2188 intervallo
2387 2146 2602 2204 scriptum,

221 2217 312 2274 198,
341 2217 423 2275 68;
465 2217 560 2274 200,
589 2218 615 2262 8
642 2217 698 2262 33
725 2218 780 2262 35
807 2218 883 2274 84;
924 2218 1018 2274 205,
1047 2218 1075 2261 2
1105 2218 1180 2275 14;
1224 2232 1333 2277 quae
1365 2233 1578 2277 quomque
1608 2218 1711 2274 198,
1740 2218 1821 2275 673
1864 2231 2203 2277 quemquomque
2230 2217 2325 2271 206,
2354 2218 2430 2272 323
2474 2232 2601 2274 quem

219 2305 433 2348 quomque
470 2290 564 2345 603,
597 2291 676 2346 103
719 2290 834 2348 quod
871 2323 880 2332 .
912 2323 921 2332 .
952 2323 961 2332 .
1006 2304 1220 2347 quomque
1247 2291 1353 2345 205,
1386 2292 1407 2333 1
1436 2291 1490 2346 23
1529 2305 1614 2348 quo
1643 2305 1858 2348 quomque
1888 2289 2007 2347 (abl.)
2036 2289 2130 2343 205,
2159 2289 2199 2343 2,
2228 2290 2282 2344 23
2324 2290 2424 2346 quei
2453 2297 2600 2347 quom-

219 2376 301 2419 que
330 2360 479 2419 (plur.)
512 2361 603 2417 198,
632 2363 661 2404 4
688 2362 715 2405 6
741 2362 795 2404 47
808 2378 818 2416 3
852 2361 1167 2419 queiquomque
1195 2362 1290 2416 200,
1319 2362 1396 2417 283
1425 2362 1519 2417 203,
1549 2362 1599 2418 63
1628 2362 1723 2417 206,
1747 2363 1799 2404 51
1822 2362 1898 2416 83;
1928 2375 2033 2418 quos
2053 2374 2267 2418 quomque
2286 2360 2381 2414 202,
2401 2360 2441 2414 2,
2471 2360 2495 2402 7
2529 2362 2602 2417 103

218 2432 371 2489 quibus
400 2446 614 2489 quomque
645 2432 737 2486 198,
766 2432 843 2487 683
887 2447 1188 2490 quoquomque
1216 2433 1353 2490 (adv.)
1383 2434 1477 2488 205,
1511 2435 1547 2487 1,
1578 2434 1655 2489 16;
1684 2448 1768 2491 quo
1798 2447 2009 2490 quomque
2037 2432 2132 2484 206,
2160 2432 2228 2472 44.
2284 2431 2477 2474 Primum
2506 2448 2604 2474 cum

218 2503 382 2546 exsistit
407 2503 452 2545 in
479 2504 577 2561 lege
604 2504 636 2547 J
637 2504 723 2546 ulia
749 2503 990 2562 municipali
1018 2503 1098 2560 (tit.
1127 2503 1229 2561 206)
1242 2536 1255 2558 ,
1303 2520 1413 2561 quae
1442 2504 1555 2546 cadit
1592 2505 1636 2545 in
1675 2519 1831 2546 annum
1860 2503 1940 2544 709
1966 2501 2022 2545 U.
2054 2500 2103 2545 G.
2119 2534 2131 2555 ,
2174 2501 2247 2544 ubi
2285 2502 2441 2558 legitur
2481 2503 2603 2560 (150)

218 2581 334 2633 „tum
346 2607 359 2631 ,
402 2589 497 2618 cum
538 2589 590 2618 ea
630 2590 700 2618 res
741 2574 1068 2630 consuleretur“,
1113 2581 1155 2618 et
1196 2576 1460 2634 praecedens
1501 2583 1592 2619 tum
1633 2576 1769 2634 prima
1805 2589 1933 2617 causa
1968 2573 2078 2616 illius
2125 2573 2430 2617 immutationis
2471 2575 2603 2618 fuisse

217 2646 397 2690 videtur.

346 2719 508 2762 Forma
535 2734 670 2775 cume,
701 2734 812 2778 quae
841 2727 906 2763 est
932 2721 975 2762 in
1004 2720 1187 2763 carmine
1217 2718 1372 2764 Saliari
1401 2720 1571 2778 (Bergk
1600 2736 1642 2778 p.
1665 2719 1749 2777 12),
1779 2726 1892 2762 certe
1921 2725 2129 2761 vetustate
2159 2734 2290 2776 quom
2317 2735 2405 2762 non
2435 2726 2602 2778 aequat.

216 2788 255 2830 Ε
284 2790 452 2834 videtur
479 2790 654 2833 affixum
682 2805 790 2845 esse,
819 2798 868 2834 ut
893 2792 937 2833 in
963 2798 1075 2834 tame
1096 2791 1569 2850 (Fest.p.360Mu11.);
1598 2791 1810 2849 quomodo
1833 2797 1973 2833 autem
1989 2790 2042 2831 sit
2061 2789 2375 2847 explicandum,
2405 2806 2487 2848 ego
2517 2806 2601 2833 non

215 2862 353 2917 magis
382 2868 496 2905 certe
526 2862 626 2916 scio,
658 2878 786 2920 quam
816 2863 897 2906 alii.
954 2863 1006 2905 Id
1049 2869 1190 2906 autem
1231 2864 1507 2907 memorabile
1544 2870 1631 2917 est,
1668 2863 1753 2906 tale
1790 2878 1813 2905 e
1851 2861 2063 2918 adjectum
2099 2860 2260 2905 habere
2299 2862 2426 2906 etiam
2464 2862 2599 2906 umbr.

216 2945 328 2986 pune
359 2932 588 2989 (Aufrecht
615 2940 658 2976 et
684 2933 916 2977 Kirchhoff
942 2936 978 2988 l,
1007 2950 1048 2992 p.
1080 2933 1177 2991 161)
1216 2940 1258 2976 et
1292 2949 1483 2991 german.
1513 2935 1695 2978 hwanne
1724 2932 1874 2990 (Graff
1897 2933 1937 2987 4,
1969 2933 2120 2990 1201),
2161 2948 2271 2991 quae
2311 2941 2353 2976 et
2390 2935 2527 2976 forma
2560 2940 2603 2976 et

216 3015 342 3046 sensu
369 3004 499 3047 latino
529 3020 659 3063 quum
685 3005 959 3063 respondent.

345 3073 459 3120 Utra
484 3076 704 3134 scriptura,
734 3092 864 3135 quum
893 3093 948 3121 an
978 3092 1084 3133 cum,
1113 3077 1235 3120 nobis
1264 3077 1318 3120 sit
1345 3076 1629 3136 praeferenda
1644 3109 1656 3132 ,
1686 3076 1853 3120 difficile
1883 3083 1949 3120 est
1977 3076 2223 3135 dijudicatu.
2280 3077 2404 3130 Quae
2432 3084 2599 3120 veteres

215 3147 478 3198 grammatici
505 3148 616 3191 inter
647 3162 694 3191 se
720 3150 1005 3206 repugnantia
1033 3150 1086 3192 de
1114 3164 1167 3192 ea
1192 3163 1239 3191 re
1269 3148 1478 3203 dixerunt,
1508 3149 1703 3191 conferre
1721 3149 1834 3190 nolo.
1893 3147 2032 3205 Cujus
2061 3164 2114 3192 ea
2136 3150 2244 3192 scire
2271 3150 2457 3202 interest,
2487 3164 2599 3191 sum-

214 3227 326 3256 mam
362 3231 509 3261 eorum
546 3219 590 3261 in
631 3219 683 3261 L.
716 3218 965 3262 Schneideri
1004 3220 1279 3277 grammatica
1316 3219 1447 3261 latina
1478 3221 1514 3272 1,
1552 3236 1595 3277 p.
1626 3220 1706 3262 337
1735 3220 1936 3262 inveniet.
2022 3221 2237 3278 Equidem
2278 3222 2412 3278 probo
2455 3236 2599 3277 quum,

215 3285 330 3341 quod
356 3302 442 3331 non
472 3291 608 3333 solum
638 3291 870 3348 legentium
890 3292 1157 3335 commodum
1177 3291 1338 3345 suadet,
1368 3290 1440 3348 qui
1468 3306 1543 3346 eo,
1572 3306 1627 3334 ne
1656 3291 1758 3333 illud
1788 3308 1882 3334 cum
1911 3293 2229 3350 praepositione
2254 3307 2348 3334 cum
2379 3292 2599 3347 misceant,

214 3356 504 3414 prohibentur,
536 3362 611 3405 sed
639 3362 834 3406 vocabuli
854 3364 975 3421 origo
1001 3371 1043 3407 et
1070 3363 1278 3420 analogia,
1307 3378 1416 3421 quae
1446 3362 1499 3405 ab
1530 3378 1594 3415 e0,
1626 3363 1698 3420 qui
1724 3379 1820 3407 cum
1841 3365 1996 3418 scribit,
2017 3365 2216 3422 postulat,
2245 3370 2292 3407 ut
2308 3364 2422 3406 idem
2443 3365 2600 3407 scribat

2303 3432 2322 3471 1
