2865 3772
1328 287 1330 289 .
1409 250 1434 293 8

234 378 323 423 Cic.
343 379 427 439 Ep.
449 381 504 424 ad
521 382 610 424 Att.
629 382 669 436 4,
688 381 717 424 2
745 383 772 436 ξ
791 381 820 424 2
848 379 897 425 Si
924 396 1112 440 unquam
1130 382 1175 424 in
1195 382 1374 425 dicendo
1392 381 1546 424 fuimus
1566 381 1737 439 aliquid,
1767 387 1839 425 aut
1857 382 1997 437 etiam,
2027 383 2062 426 si
2081 398 2299 442 nunquam
2319 385 2421 428 alias
2440 384 2606 437 fuimus,

231 457 321 493 tum
348 452 540 510 profecto
584 452 705 495 dolor
732 459 776 496 et
798 452 1046 511 magnitudo
1075 453 1163 495 vim
1191 453 1405 512 quandam
1432 454 1556 497 nobis
1585 453 1750 497 dicendi
1779 453 1906 496 dedit.
1963 454 2027 497 Id.
2056 455 2141 514 Ep.
2171 457 2226 499 ad
2253 457 2375 500 Fam.
2404 457 2442 511 3,
2472 457 2498 498 8
2525 458 2551 510 ξ
2579 455 2607 496 5

231 522 356 582 Ego,
400 525 435 567 si
461 524 505 567 in
532 525 751 583 provincia
779 524 832 568 de
859 531 934 567 tua
961 524 1077 568 fama
1105 524 1328 568 detrahere
1355 541 1543 584 unquam
1579 526 1855 583 cogitassem,
1890 539 1978 567 non
2015 540 2223 583 generum
2259 535 2378 571 tuum
2412 529 2607 571 libertum

230 595 448 639 Brundisii
475 611 615 654 neque
644 596 699 639 ad
726 598 991 655 praefectum
1017 597 1187 641 fabrum
1217 596 1452 655 Corcyrae,
1490 612 1616 655 quem
1643 597 1688 640 in
1715 597 1854 640 locum
1881 612 1950 639 me
1979 598 2126 641 venire
2153 600 2307 655 velles,
2342 599 2606 643 rettulissem.

231 667 328 710 Liv.
361 669 423 723 10,
455 669 507 710 14
526 666 775 726 Sig'quando
793 683 983 727 unquam
1003 670 1189 727 equestri
1208 684 1290 727 ope
1310 668 1498 726 adjutam
1523 668 1827 726 rempublicam
1844 667 2123 724 meminerint,
2150 670 2222 713 illo
2261 671 2328 714 die
2357 671 2607 724 annitantur,

230 746 278 782 ut
306 740 464 782 ordinis
492 740 587 796 ejus
614 740 794 796 gloriam
821 741 1022 783 invictam
1049 747 1278 798 praestent.
1309 738 1426 783 Curt.
1446 740 1484 793 8,
1504 740 1560 782 45
1586 742 1612 794 ξ
1636 740 1687 782 15
1707 739 1773 782 ed.
1793 738 1925 782 Mutz.
1977 740 2112 784 Abire
2132 757 2228 784 cum
2246 743 2383 800 gloria
2400 748 2607 800 poterant,

233 810 267 852 si
296 825 484 868 unquam
520 812 739 854 temeritas
774 811 878 854 felix
915 812 1126 854 inveniret
1161 811 1346 852 modum.
1386 808 1475 852 Cic.
1516 809 1570 851 ad
1598 809 1719 851 Fam.
1749 810 1789 863 3,
1819 810 1843 851 7
1873 812 1901 862 ξ
1929 810 1957 852 5
1983 809 2079 852 Nec
2106 811 2347 855 mehercule
2376 813 2496 855 aliter
2522 811 2608 853 vidi

232 881 471 924 existimare
514 883 584 924 vel
621 881 702 925 Cn.
731 882 1012 940 Pompejum,
1056 897 1183 939 quem
1212 881 1429 934 omnibus,
1460 881 1532 937 qui
1561 896 1749 937 unquam
1777 880 1960 933 fuerunt,
1989 881 2057 922 vel
2096 880 2147 924 P.
2186 882 2439 936 Lentulum,
2483 898 2607 938 quem

231 953 332 994 mihi
358 953 440 1010 ipsi
468 960 696 1011 antepono.
743 954 840 996 Liv.
868 955 946 1008 21,
978 956 999 995 1
1042 954 1210 995 Bellum
1238 952 1421 994 maxime
1451 952 1637 993 omnium
1664 951 1964 1005 memorabile,
1994 968 2104 1008 quae
2132 969 2321 1010 unquam
2349 961 2472 1011 gesta
2499 960 2604 996 sunt.

231 1023 363 1066 Plura
392 1024 589 1081 exempla
619 1025 818 1081 colligere
848 1024 1118 1081 supersedeO,
1149 1022 1308 1079 quippe
1338 1037 1448 1079 quae
1476 1022 1635 1079 ubique
1664 1037 1709 1065 se
1739 1021 1931 1065 offerant.

365 1093 544 1138 Summa
571 1110 731 1150 eorum,
763 1110 872 1153 quae
900 1095 943 1137 in
969 1092 1323 1152 praecedentibus
1353 1093 1544 1148 tractavi,
1573 1093 1679 1137 haec
1708 1099 1801 1136 est:

540 1179 612 1236 qui
1469 1176 1642 1234 quidam

539 1282 668 1325 quom
1471 1293 1686 1350 quondam

537 1337 668 1420 qgllxilm
696 1341 749 1359 =
779 1336 863 1379 quo
891 1329 1084 1380 tempore
1436 1294 1549 1406 {pro
1580 1347 1807 1405 quomdam
1846 1340 1900 1357 =
1928 1319 2115 1377 quodam
2143 1327 2334 1378 tempore

288 1519 467 1576 quisque
603 1573 606 1577 ,
1472 1518 1694 1574 quisquam

255 1594 269 1681 l
293 1604 510 1687 gulgmiige
559 1664 614 1681 =
671 1659 726 1686 uo
759 1658 813 1686 ue
842 1649 928 1686 tem
961 1658 1035 1685 ore
1438 1616 1666 1725 {unquam
1847 1662 1902 1679 =
1959 1657 2013 1684 uo
2046 1657 2146 1685 uam
2174 1643 2242 1684 vel
2269 1642 2354 1685 ullo
2382 1649 2468 1685 tem
2501 1657 2585 1685 ore.

256 1685 269 1748 Ι
293 1660 461 1757 cungle
643 1660 671 1702 q
731 1659 758 1702 q
929 1659 957 1700 Ρ
1477 1685 1555 1727 pro
1586 1684 1796 1726 cunquam
1931 1657 1958 1699 q
2018 1657 2046 1699 q
2470 1658 2497 1700 p

230 1782 355 1837 Jam,
385 1781 527 1839 priore
555 1787 677 1839 parte
704 1780 832 1837 hujus
863 1779 1167 1822 dissertationis
1207 1779 1424 1833 absoluta,
1453 1786 1623 1823 transeo
1666 1780 1721 1822 ad
1761 1780 1957 1834 alteram,
1994 1780 2039 1821 in
2078 1794 2162 1837 qua
2190 1779 2242 1821 de
2271 1794 2350 1822 usu
2380 1779 2609 1837 syntactico

231 1853 462 1911 particulae
492 1867 623 1910 quum
651 1857 815 1909 agatur.
1114 1848 1119 1851 ’

363 1921 507 1975 Quum
540 1922 669 1965 modo
706 1922 954 1966 adverbium
990 1921 1118 1963 modo
1155 1921 1396 1977 conjunctio
1435 1927 1523 1975 est,
1563 1928 1606 1963 et
1648 1928 1792 1978 aptum
1827 1921 2014 1979 utileque
2054 1921 2133 1963 erit
2168 1922 2346 1962 alterum
2392 1921 2445 1962 ab
2479 1921 2608 1962 altero
2679 1977 2683 1980 Δ

229 1994 430 2048 dividere,
461 2009 705 2051 quanquam
732 2008 801 2036 me
831 2008 916 2035 non
945 1992 1067 2048 fugit,
1098 2007 1149 2034 ea
1176 1991 1388 2035 interdum
1417 1992 1476 2034 ita
1503 1992 1613 2034 inter
1643 2007 1688 2034 se
1718 1992 1975 2049 contingere,
2005 1999 2052 2034 ut
2080 1992 2318 2034 discernere
2349 1991 2515 2033 difficile
2544 1991 2607 2034 sit.

1400 2191 1442 2247 Ι.

1068 2314 1164 2374 De
1203 2314 1504 2376 adverbio
1547 2333 1762 2393 quum.

357 2443 488 2488 Hunc
516 2445 655 2488 locum
684 2445 723 2488 ei
759 2444 898 2488 tribuo
912 2477 923 2499 ,
954 2446 1290 2504 quotiescunque
1321 2461 1367 2490 se
1395 2446 1581 2505 applicat
1609 2446 1663 2489 ad
1702 2446 2011 2489 substantivum
2049 2443 2221 2502 aliquod
2250 2443 2319 2485 vel
2348 2442 2607 2484 adverbium.

222 2515 285 2561 Ut
318 2516 412 2573 jam
450 2530 581 2574 supra
614 2516 817 2571 indicavi,
855 2516 977 2559 reddi
1027 2522 1170 2575 potest
1210 2523 1356 2560 nostro
1394 2532 1475 2560 wo.
1521 2517 1590 2560 De
1637 2518 1871 2561 actionibus
1905 2516 2145 2575 praeteritis
2184 2515 2311 2557 etiam
2349 2514 2411 2555 als
2446 2515 2516 2556 vel
2554 2515 2609 2556 da

222 2593 363 2645 potest
401 2587 619 2641 adhiberi,
663 2587 716 2629 de
757 2589 1052 2645 praesentibus
1093 2595 1135 2631 et
1172 2589 1323 2631 futuris
1351 2604 1477 2631 wenn
1505 2588 1594 2631 sive
1621 2604 1759 2631 wann.
1790 2587 1974 2640 Quando
2004 2588 2060 2630 ad
2087 2586 2350 2644 praecedens
2384 2586 2606 2627 substanti-

219 2674 321 2702 vum
356 2659 560 2713 refertur,
601 2672 838 2716 pronomen
879 2660 1101 2702 relativum
1143 2675 1238 2702 cum
1270 2666 1372 2718 apta
1412 2660 1727 2717 praepositione
1771 2659 1871 2716 eligi
1912 2673 2041 2716 posse
2084 2657 2157 2699 vix
2198 2662 2263 2699 est
2304 2655 2419 2712 quod
2458 2655 2605 2698 dicam.

220 2730 418 2772 Admittit
442 2736 534 2772 tum
563 2735 607 2772 et
632 2729 906 2772 indicativum
933 2737 975 2773 et
1002 2731 1318 2787 conjunctivum
1350 2730 1537 2772 omnium
1564 2737 1803 2788 temporum
1841 2730 1948 2773 sicut
1976 2730 2084 2773 aliae
2123 2726 2356 2771 sententiae
2392 2727 2605 2770 relativae.

222 2800 530 2856 Gonjunctivus
558 2802 688 2858 igitur
714 2801 897 2857 ponitur,
927 2802 1095 2857 quando
1124 2803 1193 2844 vel
1223 2803 1404 2859 qualitas
1424 2802 1601 2858 ejusque
1626 2801 1801 2844 effectus
1828 2801 1898 2843 vel
1926 2816 2056 2843 causa
2082 2799 2153 2841 vel
2172 2797 2428 2840 contrarium
2449 2798 2606 2854 aliquid

220 2871 575 2930 praecedentibus
613 2872 835 2916 indicatur.
891 2871 1155 2928 Hujusmodi
1188 2874 1269 2916 tria
1306 2872 1505 2930 exempla
1542 2879 1670 2915 sunt:
1708 2870 1797 2916 Cic.
1837 2871 1890 2915 de
1918 2870 2030 2930 Rep.
2061 2870 2110 2925 2,
2142 2869 2194 2912 10
2223 2870 2249 2922 ξ
2283 2868 2333 2910 18
2361 2867 2414 2909 In
2441 2868 2485 2910 id
2514 2883 2604 2911 sae·

221 2944 363 2988 culum
390 2943 563 2988 Romuli
592 2944 741 2988 cecidit
768 2950 912 2999 aetas,
953 2959 1083 3002 quum
1114 2946 1206 3002 jam
1241 2946 1372 3004 plena
1409 2942 1594 2987 Graecia
1627 2951 1851 3003 poetarum
1888 2950 1931 2987 et
1958 2943 2215 3004 musicorum
2244 2944 2357 2982 esset
2383 2939 2604 2996 minorque

219 3017 376 3061 fabulis
409 3016 491 3060 nisi
520 3017 573 3061 de
601 3017 815 3061 veteribus
848 3017 978 3062 rebus
1006 3018 1234 3062 haberetur
1260 3018 1380 3062 fides.
1434 3016 1499 3060 Id.
1528 3031 1606 3076 pro
1634 3015 1745 3060 Mur.
1776 3017 1804 3061 3
1833 3018 1859 3072 ξ
1889 3017 1916 3060 6
1945 3014 2075 3069 Quod
2106 3014 2140 3057 si
2168 3019 2270 3066 tum,
2302 3026 2431 3069 quum
2458 3026 2603 3070 respu-

217 3089 331 3132 blica
349 3089 436 3132 vim
455 3095 499 3132 et
517 3090 785 3133 severitatem
804 3090 1086 3144 desiderabat,
1114 3091 1197 3133 vici
1214 3098 1411 3134 naturam
1441 3095 1484 3132 et
1500 3095 1587 3131 tam
1614 3090 1845 3132 vehemens
1873 3089 1946 3143 fui,
1976 3102 2105 3146 quam
2134 3084 2333 3141 cogebar,
2362 3099 2448 3125 non
2478 3099 2604 3141 quam

217 3160 440 3215 volebam;
475 3175 601 3215 nunc,
632 3175 763 3218 quum
789 3176 936 3204 omnes
956 3176 1025 3204 me
1054 3176 1208 3205 causae
1236 3162 1291 3205 ad
1316 3161 1649 3204 misericordiam
1677 3167 1804 3218 atque
1833 3160 1888 3202 ad
1916 3158 2221 3202 humanitatem
2250 3161 2416 3208 vocent,
2446 3162 2603 3211 quanto

217 3232 391 3275 tandem
428 3231 567 3275 studio
606 3231 744 3276 debeo
784 3238 959 3277 naturae
996 3232 1118 3277 meae
1154 3232 1535 3290 consuetudinique
1574 3231 1769 3275 servire?
1828 3231 1893 3273 Id.
1922 3246 2000 3289 pro
2029 3228 2119 3272 Mil.
2149 3228 2204 3269 35
2233 3228 2260 3280 ξ
2289 3225 2343 3268 98
2381 3223 2495 3276 Quin
2524 3225 2604 3268 hoc

217 3309 410 3361 tempore
438 3303 557 3361 ipso,
596 3317 727 3361 quum
763 3317 909 3346 omnes
937 3319 963 3347 a
1002 3306 1108 3348 meis
1146 3305 1324 3347 inimicis
1363 3304 1481 3346 faces
1508 3304 1691 3346 invidiae
1727 3319 1849 3346 meae
1887 3303 2189 3360 subjiciantur,
2227 3305 2370 3339 tamen
2411 3299 2524 3339 omni
2560 3299 2603 3339 in

218 3373 435 3417 hominum
464 3380 590 3416 coetu
618 3373 767 3432 gratiis
795 3374 972 3432 agendis
1002 3381 1045 3418 et
1073 3376 1426 3433 gratulationibus
1463 3375 1670 3418 habendis
1709 3381 1751 3417 et
1791 3375 1904 3417 omni
1934 3387 2130 3416 sermone
2170 3370 2444 3412 celebramur.
2493 3367 2603 3412 Cum

219 3444 285 3485 his
310 3446 445 3487 tribus
474 3445 631 3487 diversi
658 3444 829 3502 generis
856 3445 1061 3503 exemplis
1090 3462 1312 3505 compares
1341 3447 1423 3489 tria
1451 3446 1619 3500 similia,
1661 3447 1705 3488 in
1742 3446 1895 3503 quibus
1932 3447 2026 3487 loco
2063 3441 2253 3486 adverbii
2280 3440 2445 3483 relativi
2474 3456 2603 3497 quum
