2865 3772
1417 181 1444 222 9

240 330 475 373 pronomen
517 313 741 356 relativum
779 319 858 355 est.
918 311 1046 355 Corn.
1075 311 1188 370 Nep.
1217 312 1303 369 Ag.
1343 313 1370 355 3
1398 312 1458 355 Iis
1496 312 1600 355 locis
1634 329 1806 356 manum
1841 315 2067 370 conseruit,
2097 315 2250 373 quibus
2277 316 2372 374 plus
2400 317 2619 374 pedestres

241 387 388 443 copiae
425 384 629 426 valerent.
669 382 758 426 Cic.
796 383 853 425 ad
891 382 1012 425 Fam.
1048 383 1093 437 7,
1122 383 1178 425 30
1204 384 1233 437 ξ
1264 384 1300 425 1.
1329 382 1430 425 Fuit
1458 382 1703 440 (Caninius)
1732 385 1906 428 mirifica
1935 386 2166 443 vigilantia,
2198 387 2270 444 qui
2299 402 2375 429 suo
2403 394 2491 430 toto
2520 404 2616 432 con·

236 459 378 500 sulatu
399 469 593 498 somnum
620 468 706 496 non
734 453 899 496 viderit.
947 453 1012 495 Id.
1041 453 1095 495 de
1125 453 1202 496 Or.
1234 454 1270 508 l,
1302 454 1353 496 18
1382 457 1408 508 ξ
1439 454 1493 497 82
1520 453 1720 513 Namque
1749 463 1930 514 egomet,
1961 457 2034 515 qui
2063 472 2159 500 sero
2188 473 2238 500 ac
2266 458 2417 500 leviter
2444 473 2617 516 graecas

240 529 382 571 literas
411 526 668 583 attigissem,
709 532 853 568 tamen
882 540 977 567 cum
1005 539 1084 583 pro
1114 525 1287 567 consule
1315 527 1359 567 in
1388 525 1580 569 Ciliciam
1607 526 1879 584 proficiscens
1907 529 2121 571 venissem
2148 529 2355 583 Athenas,
2383 531 2617 588 complures

240 609 328 643 tum
362 600 421 642 ibi
459 600 551 641 dies
591 613 683 640 sum
711 605 887 656 propter
915 598 1145 654 navigandi
1173 597 1462 640 difficultatem
1491 605 1787 640 commoratus.
1845 597 1989 642 Facile
2017 600 2209 642 invenies
2238 600 2418 643 eandem
2449 602 2617 645 omnino

238 685 334 713 esse
362 671 570 712 rationem
597 676 871 726 utrarumque
901 669 1216 710 sententiarum.

374 757 681 814 Conjunctivus
710 758 837 799 etiam
866 756 1110 810 adhibetur,
1149 772 1279 814 quum
1309 772 1402 798 esse
1429 758 1497 799 vel
1529 758 1662 799 simile
1691 758 1890 811 verbum,
1931 759 2018 800 sive
2047 759 2189 801 addito
2220 760 2309 802 sive
2338 761 2493 802 omisso
2521 761 2617 803 sub-

240 828 421 870 stantivo
449 834 638 885 tempus,
683 826 915 882 antecedit,
956 834 998 869 et
1036 826 1185 869 dicitur
1224 827 1303 869 fuit
1329 834 1495 885 tempus
1525 843 1654 886 quum
1684 828 1752 869 vel
1780 828 1858 869 fuit
1886 843 2027 886 quum.
2083 829 2165 872 Est
2192 830 2316 885 idem,
2348 831 2418 888 qui
2448 831 2619 889 ponitur

237 905 336 956 post
371 906 468 941 sunt
502 899 697 941 homines
726 898 822 956 qui,
862 899 931 939 vel
969 905 1066 939 sunt
1094 898 1177 956 qui.
1207 898 1346 939 Varro
1382 898 1434 939 de
1464 898 1516 940 R.
1546 899 1597 940 R.
1627 900 1675 953 3,
1710 900 1756 939 11
1798 899 1898 939 Fuit
1925 906 2113 957 tempus,
2144 916 2273 958 quum
2300 916 2399 943 rura
2430 902 2618 944 colerent

239 969 430 1012 homines
459 985 598 1027 neque
636 970 786 1010 urbem
814 970 1032 1010 haberent.
1064 970 1152 1011 Cic.
1184 969 1236 1010 de
1267 969 1342 1011 Or.
1375 973 1410 1023 1,
1446 972 1464 1010 1
1496 973 1522 1023 ξ
1556 972 1575 1010 1
1606 970 1728 1023 Fuit,
1760 985 1889 1027 quum
1928 971 2029 1011 mihi
2071 986 2239 1027 quoque
2273 972 2435 1013 initium
2476 973 2615 1029 requi-

240 1041 411 1084 escendi
449 1048 576 1097 atque
614 1041 798 1081 animum
838 1041 893 1081 ad
930 1040 1149 1097 utriusque
1184 1047 1375 1081 nostrum
1416 1041 1635 1097 praeclara
1676 1040 1814 1081 studia
1849 1040 2062 1081 referendi
2097 1041 2187 1083 fore
2219 1042 2382 1097 justum
2411 1050 2453 1084 et
2480 1058 2615 1100 prope

239 1112 292 1152 ab
321 1112 517 1153 omnibus
544 1126 793 1153 concessum
822 1112 1060 1153 arbitrarer.
1112 1110 1266 1168 Neque
1286 1111 1437 1152 mirum
1467 1119 1542 1165 est,
1574 1111 1620 1165 si,
1650 1111 1926 1154 antecedente
1946 1111 2195 1168 pronomine
2223 1112 2406 1169 quidam,
2435 1114 2615 1170 legimus

237 1183 351 1240 apud
395 1182 644 1225 Ciceronem
690 1183 742 1224 de
785 1182 878 1224 Inv.
924 1185 966 1236 1,
1007 1183 1035 1223 2
1078 1186 1103 1236 ξ
1147 1183 1174 1223 2
1201 1182 1302 1224 Fuit
1338 1182 1550 1240 quoddam
1587 1189 1754 1240 tempus
1765 1216 1776 1236 ,
1819 1199 1948 1239 quum
1985 1182 2027 1224 in
2070 1183 2184 1240 agris
2222 1183 2413 1226 homines
2455 1184 2614 1241 passim

236 1254 466 1296 bestiarum
501 1255 628 1295 modo
658 1254 925 1310 vagabantur
953 1261 995 1295 et
1022 1253 1100 1295 sibi
1129 1253 1240 1295 victu
1268 1253 1359 1295 fero
1389 1254 1518 1295 vitam
1546 1254 1854 1311 propagabant.
1913 1253 2034 1296 Idem
2074 1254 2185 1296 enim
2223 1254 2323 1297 dicit
2360 1254 2413 1297 de
2448 1254 2543 1298 Fin.
2572 1256 2613 1310 5,

242 1327 289 1368 14
333 1329 358 1378 ξ
394 1327 449 1368 38
481 1325 591 1368 Sunt
617 1326 779 1368 bestiae
809 1325 1040 1382 quaedam,
1077 1326 1120 1367 in
1160 1325 1313 1382 quibus
1351 1326 1461 1367 inest
1497 1325 1655 1382 aliquid
1693 1325 1825 1366 simile
1864 1325 2039 1367 virtutis.
2111 1325 2253 1368 Etiam
2290 1326 2333 1368 in
2374 1327 2454 1368 hoc
2482 1343 2613 1384 quum

237 1398 431 1453 congruit
467 1413 561 1439 cum
598 1397 848 1454 pronomine
884 1397 1081 1450 relativo,
1115 1396 1230 1453 quod
1268 1397 1562 1453 conjunctivus
1592 1412 1760 1454 semper
1799 1404 1896 1454 post
1925 1397 2026 1439 illud
2055 1397 2284 1452 invenitur,
2324 1398 2358 1440 si
2404 1398 2614 1442 sententia

236 1468 490 1511 antecedens
510 1469 711 1524 negativa
732 1474 807 1509 est.
851 1467 939 1510 Cic.
969 1482 1047 1524 pro
1077 1467 1187 1508 Mur.
1217 1468 1271 1509 38
1301 1471 1328 1521 ξ
1357 1469 1411 1509 82
1431 1468 1516 1519 Qui
1545 1469 1663 1509 locus
1683 1475 1759 1521 est,
1789 1469 1902 1524 quod
1929 1476 2109 1525 tempus,
2139 1469 2210 1525 qui
2239 1469 2342 1522 dies,
2373 1484 2482 1526 quae
2511 1485 2611 1525 nox,

235 1554 364 1595 quum
394 1554 475 1595 ego
505 1554 591 1580 non
621 1554 674 1581 ex
702 1539 878 1580 istorum
906 1538 1068 1580 insidiis
1098 1553 1147 1580 ac
1174 1539 1447 1580 mucronibus
1475 1554 1561 1581 non
1592 1540 1726 1581 solum
1754 1555 1863 1594 meo,
1895 1540 1970 1587 sed
1988 1540 2119 1582 multo
2149 1540 2275 1582 etiam
2301 1541 2439 1597 magis
2469 1540 2611 1584 divino

235 1610 409 1653 consilio
439 1610 594 1667 eripiar
623 1616 747 1666 atque
779 1609 980 1652 evolem‘?
1018 1608 1128 1652 Cum
1156 1609 1238 1651 hoc
1266 1610 1359 1652 loco
1389 1610 1534 1652 confer
1563 1609 1651 1653 Cic.
1683 1610 1735 1653 de
1766 1610 1841 1654 Or.
1875 1614 1910 1665 1,
1939 1612 1967 1653 2
1995 1614 2021 1666 ἓ
2052 1611 2075 1653 7
2106 1609 2213 1663 Quis
2242 1618 2318 1666 est,
2349 1612 2433 1670 qui,
2464 1612 2498 1655 si
2529 1612 2611 1655 cla-

234 1696 376 1723 rorum
414 1681 630 1723 hominum
670 1680 888 1722 scientiam
916 1694 1057 1722 rerum
1087 1686 1303 1736 gestarum
1332 1682 1400 1723 vel
1429 1682 1606 1724 utilitate
1633 1683 1700 1724 vel
1729 1682 2020 1739 magnitudine
2048 1682 2185 1724 metiri
2214 1683 2333 1737 velit,
2371 1698 2456 1725 non
2494 1691 2610 1726 ante-

234 1759 365 1810 ponat
392 1753 549 1795 oratori
577 1753 874 1810 imperatorem
889 1752 912 1794 ‘2
1849 1739 1856 1745 ¹

364 1841 467 1884 Jam
508 1841 764 1882 enumerabo
805 1840 1067 1881 substantiva
1106 1845 1148 1880 et
1186 1839 1406 1892 adverbia,
1460 1854 1568 1896 quae
1623 1854 1752 1896 quum
1794 1840 2044 1882 antecedere
2093 1841 2248 1895 solent,
2299 1848 2341 1883 et
2381 1842 2605 1899 unicuique

235 1927 380 1953 eorum
409 1927 539 1954 unum
570 1912 637 1953 vel
667 1912 810 1967 plures
840 1911 955 1951 locos
985 1909 1150 1951 addam.

955 2112 1003 2179 a)
1037 2113 1354 2163 Substantiva
1387 2113 1701 2164 usitatissima
1734 2122 1879 2163 sunt:

364 2235 574 2292 Tempus,
612 2235 837 2287 memoria,
880 2234 1114 2287 saeculum,
1145 2249 1302 2287 annus,
1333 2233 1445 2287 dies,
1477 2248 1574 2274 nox.
1629 2232 1698 2275 De
1727 2232 1792 2274 his
1816 2233 1907 2289 jam
1937 2239 2033 2275 ante
2063 2233 2122 2290 (p.
2152 2234 2197 2290 ὃ)
2224 2234 2459 2290 complures
2487 2234 2601 2276 locos

230 2307 360 2360 attuli,
391 2307 544 2363 quibus
574 2306 727 2362 adjicio
758 2304 847 2348 Cic.
872 2320 949 2362 pro
969 2304 1058 2346 Mil.
1088 2305 1142 2346 26
1171 2307 1198 2358 ξ
1217 2304 1273 2345 69
1300 2303 1408 2358 Erit,
1439 2304 1517 2345 erit
1544 2303 1646 2345 illud
1675 2303 1865 2361 profecto
1881 2310 2047 2361 tempus
2076 2310 2118 2345 et
2145 2304 2357 2347 illucescet
2375 2304 2600 2360 aliquando

229 2379 297 2420 ille
327 2378 430 2431 dies,
461 2392 590 2433 quum
618 2384 664 2418 tu
694 2383 736 2418 et
765 2376 1005 2418 amicissimi
1024 2375 1364 2417 benevolentiam
1385 2381 1427 2417 et
1445 2374 1683 2431 gravissimi
1712 2375 1892 2416 hominis
1919 2374 2045 2416 fidem
2074 2382 2117 2416 et
2144 2375 2267 2417 unius
2285 2381 2383 2432 post
2409 2375 2602 2418 homines

228 2455 350 2493 natos
362 2448 578 2491 fortissimi
591 2448 670 2490 viri
685 2446 1018 2504 magnitudinem
1039 2446 1166 2489 animi
1187 2445 1416 2489 desideres.
1457 2445 1521 2488 Id.
1537 2460 1615 2503 pro
1630 2445 1756 2488 Dom.
1773 2446 1827 2487 35
1841 2448 1867 2500 ξ
1883 2445 1936 2487 93
1966 2444 2012 2488 Si
2026 2445 2127 2488 mihi
2147 2452 2244 2488 ante
2259 2446 2364 2489 haec
2378 2446 2603 2490 durissima

228 2521 288 2564 rei
307 2520 501 2578 publicae
520 2525 714 2577 tempora
733 2519 835 2560 nihil
854 2532 1040 2576 unquam
1060 2517 1175 2559 aliud
1196 2517 1411 2574 objectum
1430 2516 1510 2559 nisi
1529 2516 1752 2559 crudelitas
1772 2532 1866 2558 mea
1884 2517 2006 2558 unius
2023 2517 2237 2575 temporis,
2269 2532 2397 2575 quum
2419 2533 2445 2559 a
2463 2518 2604 2576 patria

228 2592 457 2649 perniciem
487 2591 642 2647 depuli,
673 2590 809 2647 quid?
836 2604 905 2631 me
936 2589 1033 2630 huic
1060 2588 1284 2630 maledicto
1313 2595 1452 2630 utrum
1482 2603 1566 2629 non
1595 2588 1853 2645 respondere
1874 2604 1927 2629 an
1948 2588 2129 2630 demisse
2147 2588 2407 2645 respondere
2428 2588 2605 2631 decuit?

227 2663 291 2705 Id.
320 2663 373 2705 de
403 2661 488 2705 Off.
521 2663 556 2715 1,
590 2663 641 2704 10
671 2664 697 2714 ξ
726 2662 777 2703 31
818 2660 1018 2702 Incidunt
1054 2674 1182 2716 saepe
1217 2666 1436 2716 tempora,
1477 2674 1605 2716 quum
1644 2674 1715 2713 ea,
1755 2674 1863 2715 quae
1902 2659 2084 2701 maxime
2121 2658 2318 2701 videntur
2347 2659 2480 2717 digna
2508 2675 2604 2703 esse

221 2736 338 2791 justo
369 2734 539 2775 homine
559 2747 708 2788 eoque,
739 2746 866 2788 quem
884 2732 1021 2772 virum
1040 2731 1200 2773 bonum
1220 2730 1408 2784 dicimus,
1439 2737 1744 2771 commutantur
1761 2729 1951 2786 fiuntque
1971 2729 2191 2771 contraria.
2247 2729 2312 2771 Id.
2334 2729 2389 2772 ad
2408 2731 2497 2773 Att.
2517 2731 2557 2785 3,
2576 2731 2605 2773 3

227 2805 402 2848 Utinam
430 2805 547 2846 illum
583 2803 694 2845 diem
731 2803 921 2855 videam,
960 2816 1090 2857 quum
1127 2801 1203 2843 tibi
1239 2816 1365 2857 agam
1401 2801 1581 2858 gratias!
1641 2798 1765 2842 Caes.
1794 2799 1845 2841 B.
1877 2798 1933 2842 G.
1966 2801 2001 2854 l,
2029 2800 2085 2842 40
2110 2798 2293 2842 Factum
2336 2801 2431 2858 ejus
2470 2801 2603 2844 hostis

226 2876 461 2934 periculum
488 2881 657 2934 patrum
676 2880 916 2917 nostrorum
935 2873 1151 2928 memoria,
1182 2888 1336 2932 quum,
1366 2871 1548 2916 Cimbris
1577 2877 1619 2913 et
1647 2869 1852 2913 Teutonis
1882 2886 1907 2913 a
1936 2868 1984 2914 C.
2014 2868 2152 2913 Mario
2171 2870 2326 2929 pulsis,
2355 2887 2442 2915 non
2469 2872 2600 2914 mino-

226 2964 316 2991 rem
345 2947 514 2991 laudem
544 2946 753 2990 exercitus
782 2962 910 3004 quam
938 2945 1030 3003 ipse
1059 2945 1289 3002 imperator
1317 2945 1489 2987 meritus
1517 2942 1750 2985 videbatur.
1808 2941 1896 2985 Cic.
1925 2956 2003 3000 pro
2032 2940 2180 3000 Dejot.
2210 2942 2237 2986 6
2267 2945 2294 2998 ξ
2326 2943 2375 2985 17
2404 2942 2503 3001 Ego
2532 2958 2600 2986 me

226 3020 432 3076 hercules,
461 3018 636 3075 Caesar,
666 3018 796 3074 initio,
827 3034 957 3076 quum
986 3024 1051 3062 est
1079 3017 1134 3061 ad
1161 3032 1229 3060 me
1257 3017 1338 3060 ista
1366 3030 1493 3060 causa
1522 3015 1672 3069 delata,
1701 3013 1959 3072 Phidippum
1978 3013 2204 3071 medicum,
2235 3030 2404 3059 servum
2423 3014 2599 3074 regium,

227 3093 298 3149 qui
318 3107 413 3135 cum
432 3091 585 3149 legatis
603 3091 758 3133 missus
779 3096 903 3144 esset,
925 3090 978 3133 ab
998 3090 1078 3132 isto
1100 3089 1367 3132 adolescente
1387 3102 1480 3130 esse
1501 3094 1756 3144 corruptum,
1785 3087 1865 3128 hac
1893 3101 1987 3128 sum
2016 3088 2256 3145 suspicione
2275 3102 2500 3145 percussus
2520 3094 2598 3129 etc.

227 3161 352 3206 Caes.
371 3163 423 3206 B.
446 3160 501 3205 G.
521 3163 559 3217 6,
579 3162 635 3204 24
661 3163 728 3204 Ac
746 3161 825 3204 fuit
843 3168 969 3204 antea
985 3168 1165 3218 tempus,
1183 3175 1312 3217 quum
1326 3158 1566 3202 Germanos
1587 3157 1702 3201 Galli
1719 3159 1872 3200 virtute
1893 3166 2158 3216 superarent.
2197 3159 2387 3217 Tempus
2402 3158 2598 3216 supplen—

227 3232 327 3276 dum
356 3241 422 3278 est
448 3234 492 3277 in
520 3233 585 3277 his
615 3249 624 3275 :
656 3231 744 3277 Cic.
766 3232 818 3276 de
839 3231 915 3276 Or.
946 3233 982 3287 1,
1012 3234 1033 3275 1
1064 3234 1091 3286 ξ
1121 3234 1141 3274 1
1171 3232 1238 3274 Ac
1264 3231 1361 3284 fuit,
1392 3244 1521 3287 quum
1548 3230 1650 3272 mihi
1678 3244 1848 3287 quoque
1877 3230 2039 3272 initium
2068 3229 2361 3288 requiescendi
2391 3262 2400 3271 .
2431 3262 2440 3270 .
2471 3261 2479 3270 .
2505 3229 2599 3272 fore

220 3304 383 3360 justum
404 3312 446 3347 et
464 3318 598 3362 prope
618 3303 671 3345 ab
697 3303 891 3345 omnibus
914 3316 1162 3345 concessum
1182 3301 1419 3344 arbitrarer.
1466 3301 1562 3343 Liv.
1583 3301 1621 3354 7,
1641 3302 1695 3342 32
1709 3301 1822 3354 Fuit,
1844 3316 1973 3357 quum
1993 3302 2075 3342 hoc
2095 3301 2176 3342 dici
2193 3307 2372 3358 poterat.
2415 3298 2505 3341 Cic.
2518 3314 2598 3357 pro

228 3372 393 3418 Cluent.
432 3377 487 3419 30
515 3379 540 3431 ξ
569 3376 623 3418 82
650 3375 764 3417 Anni
794 3380 891 3416 sunt
919 3380 1012 3415 octo
1042 3373 1198 3430 (suppl.
1227 3372 1436 3429 tempus),
1467 3386 1596 3428 quum
1624 3372 1705 3413 ista
1741 3387 1870 3414 causa
1907 3373 1950 3413 in
1986 3372 2067 3413 ista
2093 3372 2363 3413 meditatione
2392 3378 2599 3413 versatur.

2306 3437 2333 3476 2
